4162 5842
1091 569 1358 621 salemum.

582 1190 705 1255 LIIIA.
732 1191 798 1255 DE
821 1190 1030 1258 AULAEIS
1055 1187 1319 1266 ACUPICTIS,
1345 1188 1570 1254 DOMINAE
1595 1189 1865 1256 ISABELLAE

754 1309 987 1387 SETONAE,
1012 1308 1302 1376 COMITISSAE
1327 1308 1689 1375 LADERDELIAE.

674 1521 814 1586 Munere
830 1540 896 1585 non
913 1539 991 1596 uno,
1009 1540 1070 1585 nec
1086 1521 1129 1585 ab
1145 1539 1213 1583 una
1228 1527 1339 1601 gente,
1359 1516 1531 1583 Minervae

715 1623 823 1689 Texta
840 1622 1059 1690 Laderdeliae
1078 1621 1256 1687 nobilitata
1270 1619 1375 1687 vides.

671 1728 799 1792 Aurum
815 1726 887 1811 ripa
902 1726 1000 1811 Tagi,
1017 1727 1184 1791 donarunt
1201 1725 1316 1790 mollia
1333 1724 1432 1791 Seres

714 1829 888 1907 Stamina;
912 1851 997 1913 quae
1012 1828 1111 1894 tinxit
1127 1849 1285 1911 purpura,
1303 1828 1407 1901 missa
1423 1826 1514 1913 Tyro
1530 1837 1593 1892 est.

670 1932 795 2000 Confer
810 1955 915 2017 opus:
940 1934 1035 2018 Quae
1051 1932 1124 2017 ripa
1140 1931 1237 2016 Tagi,
1255 1953 1340 2014 quae
1357 1951 1499 1997 munera
1515 1932 1625 2006 Seres,

713 2040 808 2123 Quae
823 2036 934 2122 Tyrus
951 2037 1005 2102 hic
1022 2037 1136 2113 iactat,
1155 2035 1289 2101 Scotica
1305 2034 1410 2101 vincit
1426 2056 1519 2101 acus.

927 2245 957 2291 2.
982 2241 1118 2290 FLORES
1141 2239 1304 2289 EIUSDEM
1326 2237 1505 2288 acumen.

569 2374 576 2381 “
669 2361 756 2425 Vere
772 2380 858 2424 novo
874 2360 1000 2443 pn'mos
1018 2361 1091 2425 Dea
1107 2381 1184 2425 cum
1202 2360 1341 2425 Setonia
1357 2359 1466 2437 flores,

712 2463 758 2527 Et
773 2461 899 2546 pictam
917 2461 1014 2526 niveo
1030 2464 1092 2528 sub
1108 2463 1191 2545 pede
1207 2462 1289 2528 vidit
1305 2463 1468 2528 humum:

668 2564 821 2649 Sumpsit
837 2586 947 2641 acum,
966 2565 1151 2648 Floraeque
1170 2565 1285 2651 legens
1304 2566 1457 2651 vestigia,
1475 2568 1577 2650 bysso

711 2668 861 2734 Naturae
876 2667 1014 2734 simulat
1031 2667 1231 2734 luxuriantis
1246 2691 1341 2755 opus.

668 2771 768 2837 In'dis
783 2771 837 2838 hic
853 2771 974 2850 varios,
990 2781 1025 2838 et
1042 2771 1133 2838 mille
1150 2773 1327 2856 papaveris
1343 2772 1438 2857 ignes

709 2875 872 2959 Adspicis,
888 2886 921 2941 et
937 2874 1029 2942 rutili
1046 2876 1102 2942 fila
1118 2877 1243 2943 tenella
1258 2878 1357 2943 croci.

667 2979 734 3044 Hic
749 2978 967 3065 ferrugineas,
983 2989 1141 3065 ostroque
1158 3000 1305 3065 auroque
1321 2991 1507 3059 comantes,

639 3046 646 3076 Ι
708 3083 754 3148 Et
769 3082 876 3149 violas
891 3083 985 3149 cultu
1004 3083 1202 3151 versicolore
1221 3084 1326 3151 vides.

664 3186 817 3253 Candida
833 3187 968 3253 luteolis
983 3188 1168 3254 miscentur
1183 3187 1254 3253 lilia
1269 3187 1403 3265 calthis,

708 3291 753 3355 Et
769 3289 896 3376 tulipae
912 3290 974 3356 soli
991 3290 1219 3375 sideribusque
1235 3312 1344 3374 pares.

665 3392 732 3458 Hic
744 3414 819 3459 rosa
835 3415 896 3478 par
910 3416 1021 3471 cocco,
1038 3415 1100 3478 par
1114 3404 1166 3459 est
1182 3403 1215 3459 et
1231 3395 1387 3460 dentibus
1405 3394 1510 3472 Indis,

707 3496 802 3561 Haec
818 3498 903 3563 collo
919 3499 1075 3564 dominae
1091 3499 1257 3576 concolor,
1275 3498 1333 3564 illa
1348 3498 1462 3565 labris.

661 3598 825 3664 Aemulus
841 3601 895 3665 hic
911 3603 1005 3668 caelo
1021 3623 1149 3688 cyanus
1165 3601 1250 3667 nitet
1266 3601 1354 3667 inter
1368 3601 1504 3680 ocellos,

706 3704 751 3767 Et
767 3714 949 3786 sceptrum,
966 3716 1000 3771 et
1017 3705 1120 3791 Tyrio
1136 3707 1244 3772 tincta
1258 3727 1382 3773 corona
1397 3709 1492 3773 cado.
1847 3727 1889 3774 20

493 3953 504 3961 ,
693 3906 826 3967 Setonae.]
860 3903 912 3953 She
923 3919 977 3954 was
995 3919 1010 3953 a
1028 3907 1116 3968 Seton,
1131 3907 1189 3956 wife
1207 3908 1238 3957 oi
1250 3908 1329 3971 John,
1341 3907 1396 3959 first
1412 3908 1480 3958 Earl
1496 3909 1528 3958 or'
1541 3907 1711 3966 Lauderdalc,
1723 3907 1775 3958 and
1786 3907 1888 3959 mother

529 3987 560 4037 os
572 3987 650 4050 John,
665 3986 720 4036 first
736 3986 811 4036 Dule
827 3986 857 4035 ol
872 3985 1041 4044 Lauderdalc,
1059 3986 1137 4052 being
1153 3988 1198 4037 the
1215 3990 1311 4039 second
1328 3989 1455 4054 daughter
1471 3990 1503 4040 oi
1516 3988 1659 4040 Alexander
1675 3990 1755 4039 Seton
1769 3989 1823 4054 (aee
1836 3990 1888 4039 No.

528 4068 621 4119 CXIV.
633 4068 775 4134 1),Earlos
784 4068 961 4118 Dunr'ermline
973 4068 1025 4117 and
1037 4069 1190 4120 chancellor
1200 4071 1231 4120 os
1240 4072 1372 4121 scotland.
1407 4073 1522 4122 William
1535 4072 1696 4122 Drummond
1708 4072 1757 4122 has
1767 4071 1887 4137 obituary

526 4164 612 4201 verses
629 4158 656 4199 to
673 4150 718 4199 her
737 4151 801 4200 aiter
819 4150 864 4199 her
881 4149 959 4199 death
976 4150 1038 4212 (znd
1060 4152 1216 4214 November,
1237 4153 1310 4215 1638)
1327 4155 1472 4217 (Masson’e
1488 4154 1656 4213 Drummond,
1673 4171 1698 4219 p.
1716 4154 1784 4219 447).
1832 4155 1887 4204 Her

526 4231 771 4297 accompliahments
782 4246 849 4282 were
861 4231 1014 4296 bereditary,
1025 4247 1055 4282 aa
1067 4233 1111 4282 her
1123 4232 1205 4282 father
1216 4248 1296 4285 wasa
1307 4250 1368 4285 man
1380 4236 1411 4285 ol
1418 4235 1560 4302 singularly
1569 4235 1620 4286 fine
1633 4244 1702 4287 taste
1714 4237 1766 4287 and
1777 4235 1885 4286 culture.

527 4315 582 4365 Her
593 4315 697 4380 epitaph
708 4330 818 4380 appears
829 4325 856 4366 at
868 4316 960 4381 length
972 4316 999 4366 in
1010 4316 1137 4383 Epitapbs
1149 4317 1261 4382 (Glasg,
1275 4320 1346 4382 1834,
1358 4335 1383 4384 p.
1397 4319 1463 4385 189).

626 4414 815 4481 1⁶.'ru1ipae.]
848 4430 902 4466 nu.
922 4430 983 4481 1577
1002 4416 1024 4466 is
1044 4416 1119 4482 given
1140 4432 1169 4467 as
1189 4417 1234 4467 the
1251 4416 1313 4468 date
1333 4419 1364 4468 oi
1378 4417 1445 4469 their
1465 4417 1520 4467 first
1539 4433 1699 4484 appearance
1716 4419 1743 4468 in
1765 4418 1887 4468 Westem

527 4492 637 4559 Europe.
