4162 5842
624 547 787 597 ranunca
808 531 1088 614 (surrusuunr).

310 694 467 773 Fallitur,
484 697 593 775 Anna,
610 697 675 764 fide
690 706 725 764 te
741 696 769 764 si
785 699 956 785 dignatur,
972 724 1124 770 amorem

354 800 447 864 Dum
463 798 616 878 simulas,
632 801 807 868 dominam
823 802 940 871 fallere
954 806 1071 873 fraude
1087 829 1198 892 paras.

311 905 389 971 Non
406 914 444 970 tu
460 915 580 989 sponte
595 915 656 971 tua
671 906 800 992 liquisti
815 917 906 976 tecta
922 922 1111 996 parentum,

354 1008 451 1073 Illius
467 1018 505 1074 ut
520 1009 670 1075 famulus
685 1012 959 1099 mancipiumque
975 1016 1073 1082 fores.

309 1113 459 1198 Aucupis
475 1113 576 1179 illicio
591 1114 746 1194 delusus,
756 1138 862 1202 regna
877 1119 1009 1198 subisti,

353 1217 513 1296 Psittace,
532 1219 675 1287 brumali
692 1242 778 1306 pene
792 1224 928 1307 sepulta
944 1223 1033 1289 nive.

311 1324 402 1390 Hinc
418 1345 551 1407 quoque
567 1335 604 1391 tu
621 1326 765 1411 fugeres,
783 1327 937 1393 clausum
953 1328 1019 1394 nisi
1035 1351 1149 1396 carcer
1164 1330 1324 1407 haberet3

353 1429 415 1495 Ille
430 1429 492 1497 tibi
508 1431 598 1496 sistit
615 1434 704 1515 quod
720 1432 895 1498 meditaris
909 1433 984 1498 iter.

311 1539 363 1602 De
379 1539 465 1620 dape
481 1557 580 1620 parce
596 1536 701 1621 queri,
718 1547 799 1603 sunt
815 1536 870 1603 hic
886 1536 947 1603 tibi
962 1537 1133 1615 cinnama,
1149 1537 1252 1603 tellus

352 1641 523 1727 Quidquid
539 1650 572 1706 et
589 1641 793 1726 Aethiopum
811 1641 863 1707 vel
879 1650 940 1707 tua
955 1641 1061 1708 mittit
1077 1642 1210 1708 humus.

310 1748 418 1812 Parva
433 1745 495 1811 fuit
512 1745 626 1829 prolis,
644 1746 727 1811 levis
743 1755 776 1811 et
793 1744 923 1835 iactura
939 1745 1090 1823 maritae,

352 1849 487 1915 Litibus
503 1859 535 1914 et
552 1848 642 1914 curis
657 1849 722 1914 hac
738 1870 800 1933 ope
816 1842 902 1951 libe}
914 1871 1001 1916 eras.

308 1954 450 2039 Singula
466 1955 495 2020 si
510 1975 642 2038 penses,
659 1975 727 2018 non
743 1962 777 2018 te
793 1953 921 2020 felicior
930 1956 1008 2021 ales

351 2059 444 2123 Vixit
460 2058 494 2122 in
513 2057 596 2123 Eois
613 2057 830 2141 Hesperiisve
846 2058 969 2143 plagis.

307 2164 427 2229 Arrisit
443 2163 580 2229 fortuna
595 2162 690 2239 satis,
708 2161 775 2228 iam
792 2184 916 2247 ponere
931 2164 1058 2230 fastum

349 2269 400 2334 Te
415 2270 523 2345 decet,
541 2277 574 2332 et
590 2267 699 2351 legem
716 2288 818 2351 quam
835 2267 927 2332 dedit
944 2270 1044 2334 Anna
1060 2266 1167 2351 sequi.

307 2372 343 2439 Si
360 2373 491 2439 catulos
506 2380 540 2436 te
556 2380 690 2455 praeter
705 2379 808 2448 amet,
826 2391 886 2435 cur
900 2371 1000 2455 culpa
1016 2379 1165 2456 putetur,

349 2478 416 2541 Aut
433 2475 552 2539 levitas
567 2482 684 2539 tantae
700 2494 768 2538 non
785 2473 869 2539 satis
884 2484 965 2558 apta
982 2475 1100 2540 Deae?

306 2579 428 2645 Iunoni
445 2599 542 2644 sacer
556 2587 607 2642 est
623 2576 767 2661 gemmis
783 2576 839 2660 qui
855 2577 1006 2661 pingitur
1021 2578 1103 2654 ales,

350 2688 451 2751 Hanc
467 2683 571 2750 etiam
586 2682 759 2749 dominam
776 2682 938 2748 stridulus
954 2705 1055 2749 anser
1070 2683 1183 2748 habet.

307 2789 467 2854 Mollibus
483 2797 517 2853 et
533 2786 649 2872 cycnis
664 2785 773 2870 iungit
791 2787 961 2873 Cytherea
977 2787 1164 2863 columbas,

348 2891 551 2976 Accipitrem
568 2912 668 2958 corvo
683 2899 721 2955 tu
737 2912 881 2974 quoque,
900 2891 1046 2969 Phoebe,
1064 2890 1181 2974 iugas:

305 2996 438 3082 Quique
454 3004 567 3061 truces
582 2993 712 3079 aquilas
728 2993 792 3060 sibi
808 2994 890 3079 legit
907 2994 1061 3061 fulminis
1076 3003 1205 3071 auctor,

349 3102 420 3167 Sub
435 3099 560 3184 plumis
576 3097 687 3178 latu‘t,
704 3098 846 3164 candide
862 3120 976 3185 cycne,
994 3099 1073 3165 tuis.
1489 3111 1532 3180 90

306 3207 405 3272 Picus
421 3227 516 3270 amor
533 3203 659 3270 Bacchi
675 3214 738 3281 est,
756 3203 856 3268 simul
873 3214 906 3268 et
922 3205 1035 3280 draco,
1052 3204 1141 3269 bubo
1158 3201 1331 3266 Minervae

348 3314 412 3377 Est
429 3332 536 3387 sacer,
553 3309 632 3375 huic
648 3308 794 3374 multum
811 3317 849 3374 tu
865 3329 1010 3391 quoque,
1027 3305 1126 3391 galle,
1144 3306 1269 3389 places.

304 3418 447 3482 Vulture
464 3416 558 3480 Mars
573 3414 710 3498 gaudet,
727 3421 862 3478 nostros
877 3422 993 3478 tamen
1009 3411 1065 3476 ille
1084 3410 1226 3477 tribules

349 3519 481 3603 Diligit,
499 3529 532 3584 et
548 3516 690 3582 comites
705 3516 807 3601 gestit
823 3517 947 3582 habere
964 3537 1077 3581 canes.

305 3624 340 3691 Si
357 3623 503 3690 volucris
518 3621 693 3688 volucrum
710 3621 861 3706 sequeris
876 3619 1031 3705 vestigia,
1048 3618 1117 3685 noli

346 3729 434 3793 Tam
452 3726 569 3793 leviter
584 3725 741 3791 dominae
756 3726 798 3791 de
815 3724 953 3791 levitate
969 3723 1073 3808 queri.

306 3834 398 3898 Pone
415 3829 642 3916 supercilium,
658 3851 719 3895 nec
736 3831 824 3913 quod
840 3828 924 3896 facis
940 3850 1024 3895 exue
1041 3827 1184 3912 plumas,

348 3937 421 4000 Nec
436 3935 498 4002 tibi
514 3944 612 4019 turpe
627 3942 721 4017 puta,
739 3932 900 4010 Psittace,
917 3931 1002 3997 ferre
1018 3952 1144 4016 parem.

276 4179 315 4239 85.
337 4175 451 4238 lunoni]
484 4172 542 4223 The
553 4180 614 4223 next
626 4171 691 4222 lines
702 4171 760 4237 give
772 4186 788 4223 a
798 4171 956 4222 remarkable
968 4168 1095 4235 grouping
1106 4166 1137 4216 ol
1150 4165 1193 4215 the
1204 4162 1298 4214 double
1309 4171 1367 4228 pets
1377 4161 1408 4214 oi
1415 4177 1493 4214 seven
1505 4161 1536 4213 oi

172 4260 217 4310 the
229 4260 328 4310 deities.
