4162 5842
818 622 1009 672 emortuus·

801 797 832 846 2.
857 794 1026 847 TILBNUS·

361 950 533 1017 Colchidis
548 971 727 1017 assumens
742 971 865 1018 nomen
883 953 1067 1019 Ionstonus
1082 961 1115 1019 et
1131 963 1232 1033 artes,

405 1056 571 1140 Ereptum
587 1056 684 1122 nobis
699 1055 726 1121 it
742 1058 846 1122 decus
865 1078 963 1122 omne
982 1055 1099 1142 patris.

361 1161 433 1225 Nec
449 1159 580 1226 dubitat
596 1181 695 1226 versu
711 1170 776 1239 sat,
793 1160 860 1246 pol,
877 1160 1002 1227 iactare
1018 1170 1184 1246 protervo,

403 1264 502 1349 Quod
517 1263 618 1347 genui
633 1263 773 1348 prolem,
791 1264 941 1330 muneris
956 1287 1030 1330 esse
1049 1263 1112 1331 sui.

360 1368 414 1431 An
431 1388 621 1452 quenquam
637 1367 738 1433 faciet
754 1376 884 1452 patrem
903 1368 1034 1445 Medea,
1051 1391 1132 1435 suae
1151 1391 1239 1455 quae

404 1473 516 1538 Caede
531 1474 673 1537 madens
687 1472 791 1557 prolis
807 1472 905 1538 desiit
921 1495 996 1538 esse
1011 1475 1161 1557 parens?

362 1575 428 1640 Sed
445 1597 564 1659 neque,
583 1575 672 1641 Diva
686 1584 808 1660 potens
823 1575 925 1662 Cypri
942 1597 1028 1661 quac
1043 1578 1193 1662 praemia
1208 1579 1324 1658 donat,

404 1680 454 1743 Ad
470 1679 619 1744 sterilem
636 1679 805 1746 Aonidum
821 1690 900 1746 sunt
916 1680 1090 1747 referenda
1105 1681 1256 1747 chorum.

361 1783 518 1848 Carmine
534 1804 602 1848 non
618 1781 725 1848 oritur
739 1783 804 1848 nisi
820 1785 1051 1850 subventanca
1068 1784 1199 1869 proles3

405 1888 521 1970 Longe
537 1885 603 1952 alio
618 1887 746 1972 plectro
762 1898 844 1954 nata
859 1887 972 1973 puella
990 1888 1074 1953 mihi
1093 1898 1155 1955 est.

347 2159 372 2207 3.
390 2146 457 2207 Sat]
492 2146 563 2196 Must
573 2144 672 2212 quality
683 2150 698 2174 ⁸¹
706 2152 827 2209 protervo
833 2147 857 2195 ”.
892 2144 990 2196 Pol=¹‘
998 2146 1024 2195 in
1036 2146 1070 2196 all
1082 2146 1235 2198 conscience
1243 2147 1267 2197 ”.

348 2243 372 2290 9.
391 2227 594 2290 Subventanea.]
627 2229 668 2276 An
681 2227 798 2278 instance
810 2227 841 2277 os
853 2227 897 2279 the
913 2228 1026 2279 heedom
1038 2229 1122 2278 which
1134 2228 1263 2292 Johnston
1275 2228 1339 2280 used
1350 2229 1376 2278 in
1387 2229 1499 2293 forming
1510 2227 1588 2279 Latin

229 2317 308 2358 terms
319 2309 421 2358 outside
432 2309 476 2359 the
487 2309 563 2359 circle
574 2310 605 2359 of
617 2309 701 2359 words
714 2309 890 2374 traditionally
900 2310 1002 2360 classic.
1037 2311 1061 2359 lt
1073 2311 1096 2360 is
1107 2311 1202 2376 simply
1212 2327 1229 2362 a
1246 2311 1393 2377 Latinising
1403 2312 1435 2362 of
1447 2312 1491 2363 the
1503 2311 1589 2362 Greek

231 2396 392 2456 ὑιηνομιαῖος,
404 2394 562 2459 embodying
573 2395 617 2444 the
629 2394 719 2444 notion
731 2395 868 2459 expressed
880 2395 906 2444 in
918 2410 964 2445 our
977 2400 993 2424 ‘⁸
1003 2395 1165 2460 wind-egg”.

781 2768 813 2830 3.
838 2765 1033 2830 Jouxsrou.

317 2920 372 2980 Six
393 2921 535 2980 harvests
551 2920 644 2981 rollcd
664 2940 761 2998 away,
777 2921 838 2980 and
861 2920 923 2980 still
944 2940 1007 2998 you
1028 2941 1108 2982 were
1129 2922 1286 2992 childlcss,
1302 2921 1377 2981 with
1393 2941 1434 2982 no
1449 2921 1541 2999 prool
1555 2922 1593 2983 ot

228 3037 306 3095 your
320 3019 442 3097 virility.
488 3020 580 3078 From
596 3021 649 3080 the
664 3030 804 3081 moment
812 3019 849 3081 of
859 3040 912 3098 my
924 3040 1005 3097 song
1018 3041 1097 3098 your
1106 3022 1247 3098 energies
1261 3040 1341 3081 were
1356 3032 1411 3098 put
1425 3022 1457 3080 in
1472 3022 1585 3084 action.

229 3114 298 3176 The
314 3134 401 3176 same
416 3116 562 3175 stimulus
577 3136 613 3176 as
627 3117 695 3177 that
709 3117 785 3177 with
799 3118 901 3178 which
922 3118 1066 3194 Orpheus
1082 3119 1188 3178 stirred
1204 3118 1257 3177 the
1272 3119 1359 3177 rocks
1373 3117 1410 3178 of
1426 3119 1586 3197 Rhodope,

230 3215 341 3273 rouscd
355 3233 433 3291 your
447 3224 560 3290 torpor.

771 3437 802 3499 3.
832 3432 1043 3482 roxsronus.

358 3592 424 3656 Sex
439 3590 499 3655 tibi
515 3590 683 3656 fluxerunt
699 3589 804 3656 sterili
820 3610 896 3656 cum
913 3587 1055 3674 coniuge
1071 3610 1210 3668 messes

402 3697 640 3778 Incertumque
656 3695 731 3772 fuit,
747 3694 873 3760 semina
890 3714 1007 3759 masne
1024 3693 1123 3759 sores

359 3800 456 3884 Quod
473 3799 591 3876 iactas,
608 3799 710 3865 iacuit
726 3807 800 3865 tum
816 3819 953 3883 prorsus
968 3797 1087 3864 inutile
1103 3796 1281 3883 plectrum:

402 3905 473 3969 Nec
488 3903 551 3968 luit
568 3926 608 3969 ex
623 3904 681 3971 illo
697 3914 847 3989 tempore
863 3913 956 3969 mota
975 3905 1102 3969 Venus.

359 4010 407 4076 Ut
423 4009 541 4087 cecini,
558 4011 667 4095 coepit
682 4011 915 4096 plectrumque
931 4011 1114 4095 Venusque
1130 4009 1267 4087 moveri,

401 4113 536 4178 Scilicet
552 4116 595 4180 ad
611 4125 732 4181 cantus
751 4115 898 4181 officiosa
917 4136 1022 4180 meos.

357 4219 452 4304 Quae
468 4218 530 4285 tibi
546 4240 637 4285 nunc
653 4222 801 4298 sordent,
818 4229 982 4285 acuerunt
998 4219 1149 4285 carmina
1163 4218 1269 4283 vires·

402 4323 569 4401 Pectinis;
594 4324 647 4389 his
662 4334 742 4391 tuus
758 4334 810 4390 est
825 4323 1063 4390 exstimulatus
1078 4344 1183 4388 amor.
1277 4312 1294 4345 ’⁴

357 4430 447 4494 Saxa
463 4427 585 4511 quibus
600 4438 696 4494 vates
711 4428 813 4493 traxit
833 4427 1042 4511 Rhodopeia,
1058 4436 1173 4510 torpor

401 4533 467 4597 His
483 4541 563 4597 tuus
578 4531 689 4598 illiciis
704 4531 939 4598 sollicitandus
957 4541 1040 4597 erat.
