4162 5842
832 569 994 619 aarum
1013 550 1297 633 (SUPPLEMBNT).

736 725 848 793 CLII.
894 745 925 792 2.
951 725 1114 792 VENUS
1140 726 1409 792 MINERVAE.

523 861 670 926 Palladis
687 859 793 926 iratae
809 860 886 945 legi,
903 883 971 926 non
986 863 1089 928 verba
1107 861 1241 940 sororis,

565 967 661 1030 Haec
677 987 809 1049 quoque
825 965 899 1030 luce
915 987 1035 1032 carens
1051 966 1189 1032 auribus
1206 965 1319 1032 hausit
1336 967 1442 1032 Amor

523 1069 579 1132 Me
594 1067 724 1152 puduit,
741 1077 801 1132 tua
817 1067 891 1133 risit
907 1071 1011 1134 Amor
1026 1069 1189 1147 convicia,
1206 1090 1285 1135 vero

566 1172 729 1247 Proxima,
745 1174 804 1237 sed
820 1183 920 1238 natae
936 1195 1003 1239 non
1021 1175 1240 1239 memoranda
1257 1173 1360 1239 lovis.

522 1277 615 1340 Mars
631 1285 736 1360 pater,
753 1287 785 1341 et
805 1277 962 1361 Myrrhae
978 1278 1049 1342 fixit
1067 1278 1149 1343 mihi
1166 1277 1261 1343 basia
1276 1278 1398 1362 proles,

566 1382 641 1444 Hos
657 1389 790 1461 praeter
805 1381 929 1446 Veneri
946 1382 1040 1447 basia
1057 1404 1156 1446 nemo
1173 1382 1273 1447 dedit.

520 1483 685 1549 Claudere
701 1485 759 1548 sed
776 1505 916 1549 numero
932 1485 1084 1570 quisquis
1101 1485 1191 1549 Iovis
1206 1485 1322 1550 oscula
1338 1494 1461 1562 tentat,

566 1588 732 1671 Expediat
750 1588 900 1654 Siculum
918 1599 999 1673 quot
1017 1610 1110 1654 mare
1125 1589 1236 1655 volvat
1254 1610 1371 1673 aquaS,

523 1695 624 1757 Ferre
641 1694 699 1785 sed
715 1693 798 1758 haec
814 1715 968 1777 possem:
992 1694 1104 1759 laesae
1121 1693 1297 1778 dispendia
1312 1693 1424 1758 lamae

567 1798 644 1861 Non
661 1818 783 1873 moror,
800 1796 935 1881 infringi
952 1799 1010 1862 sed
1027 1819 1103 1862 mea
1119 1796 1192 1861 iura
1209 1817 1340 1880 queror.

522 1902 632 1964 Nemo
646 1899 707 1965 tibi
725 1899 880 1983 clipeum,
895 1900 957 1975 vel,
973 1921 1074 1985 quam
1091 1900 1190 1984 geris,
1208 1899 1336 1965 invidet
1351 1898 1487 1964 hastam
1500 1921 1509 1976 ;

567 2006 636 2069 Cur
652 2003 733 2067 mihi
750 2012 798 2080 tu,
817 2012 898 2068 nato
914 2024 984 2081 cur,
1003 2005 1088 2080 Dea,
1106 2004 1175 2068 tela
1191 2004 1320 2086 negas?

523 2106 678 2191 Cypridis
694 2106 794 2171 odisti
810 2108 940 2184 taedas,
958 2107 1037 2191 quia
1053 2107 1181 2171 semine
1198 2106 1291 2171 nullo

567 2212 668 2289 Nata,
686 2213 744 2276 sed
761 2233 778 2276 e
795 2214 930 2278 cerebro
947 2212 1092 2277 crederis
1108 2221 1182 2276 orta
1200 2211 1300 2277 Iovis.

524 2318 632 2381 Matre
649 2338 768 2381 carens
783 2316 886 2400 virgo,
901 2316 1034 2382 natales
1050 2328 1169 2382 excute
1187 2316 1316 2392 Martis,

566 2420 773 2486 Caelicolum
791 2441 891 2486 nemo
907 2431 958 2486 est
975 2443 1074 2504 quem
1091 2430 1188 2486 vocet
1204 2419 1260 2484 ille
1277 2429 1420 2503 patrem.

523 2527 626 2590 Hunc
643 2534 799 2589 matrona
817 2525 907 2590 lovis
924 2524 1044 2590 Florae
1061 2522 1217 2608 concepit
1233 2524 1268 2588 in
1288 2521 1404 2598 hortis,

566 2627 690 2692 Nescio
707 2648 773 2711 quo
788 2636 882 2692 tacto
897 2627 1048 2710 germine
1063 2626 1154 2691 lacta
1171 2647 1302 2710 parens.

523 2733 600 2795 Non
616 2740 733 2795 tamen
750 2729 804 2794 hic
820 2730 900 2805 odit,
915 2740 952 2795 tu
970 2731 1057 2813 quod
1075 2729 1159 2794 lacis
1178 2729 1342 2812 improba,
1359 2727 1489 2804 taedas,

566 2836 638 2898 Nec
654 2833 759 2898 semel
776 2833 855 2898 huic
871 2844 990 2917 pectus
1007 2832 1147 2917 cuspide
1162 2833 1235 2897 lixit
1252 2833 1364 2896 Amor.

521 2939 571 3004 Te
579 2950 717 3004 castam
735 2940 886 3005 vocitant
905 2945 980 3016 (nec
996 2940 1086 3005 enim
1104 2939 1286 3004 manifesta
1302 2938 1459 3021 negabo),

567 3046 671 3109 Casta
688 3045 746 3108 sed
762 3053 826 3119 est,
845 3066 946 3127 quam
963 3044 1013 3109 vir
1028 3065 1128 3108 nemo
1144 3045 1268 3108 deusve
1286 3051 1393 3124 rogat.

523 3147 606 3232 Quis
622 3147 703 3211 velit
720 3147 889 3230 amplecti,
906 3169 991 3230 quos
1008 3157 1133 3230 gestas,
1150 3144 1321 3227 Gorgonis
1340 3163 1489 3227 angues;

568 3251 608 3313 In
625 3249 753 3314 scilicet
770 3258 906 3315 vertunt
923 3249 1092 3333 Gorgonis
1108 3269 1167 3312 ora
1183 3268 1314 3331 procos.

523 3355 589 3419 Sed
606 3374 715 3434 neque
731 3361 765 3416 te
782 3363 911 3417 castam
929 3352 1037 3416 iacta:
1063 3371 1130 3416 non
1146 3371 1236 3414 vana
1252 3346 1364 3412 mariti

568 3458 686 3538 Pugna
702 3456 768 3520 mei
785 3466 910 3532 tecum,
928 3477 990 3520 nec
1006 3455 1079 3520 sine
1095 3454 1170 3519 labe
1186 3453 1260 3517 luit.

523 3560 683 3625 Testibus
700 3558 832 3624 ancillis
848 3569 924 3644 post
941 3560 1068 3624 luctam
1085 3557 1208 3643 prodiit
1227 3556 1349 3634 inians,

568 3666 640 3728 Nec
656 3663 741 3728 satis
756 3663 903 3728 occuluit
920 3662 1006 3728 cista
1021 3663 1139 3727 dolosa
1155 3661 1261 3726 nefas.

524 3769 671 3852 Virgone
689 3778 764 3851 post
781 3769 908 3833 luctam
925 3766 1107 3833 mansisti?
1155 3766 1302 3850 Gignere
1317 3764 1445 3849 prolem

567 3874 619 3936 An
636 3873 708 3936 sine
725 3881 832 3937 matre
848 3882 959 3955 potest
975 3873 1048 3937 sola
1063 3871 1166 3937 libido
1183 3870 1270 3936 viri?

523 3978 589 4041 Sed
606 3985 736 4040 castam
753 3986 787 4040 te
803 3976 912 4059 linge:
937 3986 1014 4040 tuos
1029 3996 1090 4040 cur
1105 3974 1197 4058 cogis
1213 3973 1381 4051 alumnos,

567 4081 662 4164 Quae
678 4080 738 4145 tibi
755 4080 877 4145 cudisti
894 4080 967 4145 iura
982 4101 1098 4146 severa
1114 4078 1236 4163 sequi?

511 4251 533 4297 5.
556 4236 627 4284 Mars
639 4237 730 4298 pates]
763 4234 813 4294 i.c.,
826 4235 909 4284 father
920 4235 951 4284 ol
958 4233 1050 4298 Cupid.

511 4332 533 4378 5.
556 4317 676 4379 Myrrhae
688 4317 793 4380 proles]
826 4316 934 4365 Adonis.

499 4414 539 4461 24.
559 4399 682 4460 Scilicet]
723 4398 815 4448 Sothe
828 4396 993 4462 Middelburg
1003 4395 1107 4447 edition.
1144 4393 1216 4444 Read
1227 4393 1309 4443 silices
1320 4392 1358 4441 sor
1369 4399 1449 4442 mette
1461 4389 1512 4440 and
1523 4405 1607 4441 sense.

497 4494 535 4544 27·
557 4479 654 4529 Prodiit
666 4478 773 4541 infans]
806 4477 864 4528 The
875 4487 947 4542 story
957 4478 988 4527 ol
996 4476 1180 4528 Erichthonius
1193 4475 1219 4524 in
1231 4473 1302 4527 neue
1313 4471 1416 4537 legend.
