4162 5842
1084 602 1354 654 batumum.

1100 760 1134 828 8.
1161 774 1332 826 nunus.

672 953 730 1020 Nil
747 953 811 1019 nisi
827 953 906 1019 flere
920 970 1032 1019 meam
1048 946 1144 1029 dicis,
1163 950 1335 1029 Ionstone,
1353 948 1513 1033 puellam,

716 1059 791 1123 Flet
806 1078 889 1125 sane
904 1065 938 1123 et
953 1055 1071 1123 crebro
1084 1053 1210 1141 proluit
1225 1053 1333 1120 imbre
1348 1074 1464 1138 genas.

672 1162 785 1229 Imber
799 1171 835 1228 at
850 1159 968 1227 Aoniis
982 1158 1083 1245 longe
1096 1157 1153 1224 hic
1168 1157 1252 1224 mihi
1267 1157 1396 1243 gratior
1413 1157 1523 1236 undis,

715 1265 846 1353 Quippe
861 1284 993 1332 merum
1006 1262 1153 1331 lundens
1168 1261 1246 1340 mel,
1263 1260 1442 1346 elegosque
1458 1280 1581 1327 meros.

670 1371 723 1435 An
739 1390 841 1455 quam
857 1367 901 1435 ait
917 1365 1030 1435 nescis
1046 1365 1185 1451 Elegeia
1199 1365 1312 1433 flebile
1330 1386 1479 1443 carmen,
1644 1359 1652 1367 ’

714 1474 810 1560 Quae
824 1471 939 1539 docuit
953 1470 1046 1537 senis
1061 1471 1183 1536 addere
1199 1468 1346 1555 quinque
1364 1468 1491 1554 pedes?

670 1579 724 1642 An
739 1576 860 1656 nescis,
877 1578 966 1662 quod
982 1597 1045 1642 nec
1060 1575 1231 1641 Thracum
1247 1595 1331 1658 gens
1346 1573 1447 1640 effera
1466 1572 1599 1640 nescit?

715 1683 806 1747 Nata
821 1679 913 1765 prole
929 1679 1052 1765 quibus
1067 1678 1226 1764 plangere
1242 1677 1346 1745 moris
1360 1687 1443 1745 erat.

672 1788 784 1873 Quam
800 1807 944 1871 praecox
959 1784 1061 1851 huius
1077 1784 1197 1850 Musae
1212 1791 1263 1851 est
1280 1782 1465 1868 sapientiai
1489 1781 1580 1850 vitae

715 1891 874 1977 Auspicia
889 1891 973 1958 haec
989 1891 1146 1969 celebrat,
1163 1911 1230 1976 quo
1246 1889 1445 1956 celebranda
1461 1890 1571 1954 modo.

663 2216 688 2267 7.
706 2200 858 2264 Thracum]
890 2200 970 2252 Their
981 2198 1052 2265 early
1063 2197 1210 2265 pessimiun
1222 2199 1244 2250 is
1255 2198 1336 2251 lound
1347 2199 1373 2248 in
1387 2198 1493 2262 Herod„
1507 2199 1539 2248 V.
1551 2215 1576 2261 4.

1094 2650 1127 2715 9.
1150 2646 1346 2711 Jorrusrou.

632 2818 684 2879 No
697 2817 824 2880 wonder
838 2817 864 2877 il
880 2816 996 2878 Tilen’s
1010 2817 1164 2894 daughter
1184 2835 1261 2894 pour
1282 2815 1362 2877 forth
1386 2815 1514 2894 Elegiae
1532 2817 1656 2877 strains.
1701 2817 1754 2879 He
1768 2817 1796 2876 is
1810 2816 1902 2888 lame,

544 2917 606 2978 and
621 2935 657 2976 ao
672 2916 722 2976 his
736 2915 890 2993 daughter
911 2915 997 2976 loves
1018 2934 1037 2974 a
1058 2915 1191 2991 limping
1212 2913 1320 2974 atrain.
1365 2914 1500 2990 Strange
1520 2915 1589 2975 that
1610 2914 1663 2975 the
1684 2914 1776 2975 Mose
1790 2912 1903 2973 should

544 3015 615 3076 take
629 3015 753 3076 leesona
769 3013 847 3075 from
863 3001 1024 3075 barbarian
1040 3012 1225 3074 Thraciana.
1268 3013 1373 3074 Better
1387 3024 1421 3075 to
1435 3014 1472 3074 be
1487 3015 1562 3074 born
1578 3015 1609 3073 in
1620 3012 1721 3093 joyful
1738 3015 1902 3074 eurround-

545 3112 627 3190 inga
642 3113 720 3175 euch
734 3130 771 3174 aa
785 3098 901 3189 benign
919 3111 1028 3173 Venus
1047 3111 1174 3172 bleesea

1088 3440 1119 3504 9.
1149 3435 1359 3485 rousrouus.

676 3610 754 3674 Non
771 3609 892 3676 mirum
908 3620 960 3676 est
977 3611 1104 3694 Elegos
1119 3609 1148 3675 si
1164 3609 1283 3676 fundat
1299 3619 1381 3676 nata
1396 3609 1529 3676 Tileni:

720 3713 872 3781 Claudns
887 3716 942 3781 hic
958 3726 1020 3793 est,
1038 3717 1195 3782 claudum
1212 3716 1281 3782 filia
1297 3738 1433 3782 carmen
1452 3726 1558 3782 amat.
1653 3794 1656 3801 Ι

679 3817 871 3885 Mirandum
888 3830 940 3884 est
956 3819 1108 3885 Thracas
1126 3822 1260 3886 Musam
1277 3820 1402 3887 iactare
1419 3821 1610 3906 magistros,

722 3923 769 3988 Et
785 3940 912 3988 morem
929 3944 950 3988 a
966 3922 1097 3988 stolidis
1112 3923 1240 3989 discere
1255 3922 1341 3989 velle
1360 3924 1469 3990 Getis.

679 4026 850 4093 Barbarus
865 4025 920 4091 hic
936 4048 1010 4091 mos
1025 4036 1096 4103 est;
1120 4028 1216 4092 decet
1232 4027 1320 4093 inter
1333 4028 1457 4111 gaudia
1475 4027 1580 4106 nasci,

721 4130 856 4199 Gaudia
872 4152 956 4216 quos
972 4130 1060 4195 inter
1074 4130 1218 4197 seminat
1234 4132 1325 4198 alma
1344 4134 1472 4198 Venus.

796 4316 822 4385 θ’

668 4454 708 4492 1².
724 4404 859 4505 cuitus]
892 4441 950 4493 The
962 4441 1135 4500 Pentameter,
1143 4441 1262 4506 bringing
1274 4458 1308 4507 up
1319 4443 1363 4494 the
1376 4442 1482 4508 Elegiae
1493 4443 1597 4503 distich,
1610 4444 1632 4493 is
1643 4443 1699 4494 said
1711 4444 1737 4493 in
1749 4443 1782 4493 its
1794 4442 1907 4494 cadenoe

549 4531 578 4575 to
588 4522 621 4574 be
633 4529 650 4553 ⁸·
657 4522 754 4590 law
765 4525 792 4574 in
803 4525 912 4576 relation
924 4533 953 4576 to
963 4524 1008 4575 the
1019 4525 1107 4575 march
1118 4525 1149 4574 ol
1156 4524 1201 4575 the
1214 4526 1378 4577 Hexarneter.
