4162 5842
1069 585 1337 634 armanum.

571 1454 732 1542 cxxix.
776 1476 841 1541 nu
873 1476 1061 1540 Mnnrnn
1095 1476 1389 1553 nnusninnn
1422 1475 1835 1543 runusrinssinnn

825 1596 1119 1664 conrrlssnn
1152 1597 1587 1664 nnnnscaunnnnn.

982 1891 1176 1939 DEDICATIO
1200 1891 1430 1939 PSALMORUM.

658 2036 827 2122 Nympha,
844 2036 916 2121 pari
933 2058 1019 2121 quae
1035 2036 1107 2101 sola
1123 2058 1228 2114 cares,
1246 2046 1278 2102 et
1297 2036 1446 2120 Regibus
1462 2045 1546 2114 orta,

699 2143 793 2207 Luce
808 2150 867 2207 tua
882 2143 958 2226 plus
974 2162 1075 2224 quam
1092 2140 1268 2206 nobilitate
1285 2140 1394 2205 nites:

655 2245 719 2312 Cui
736 2246 859 2312 coliata
874 2255 985 2329 potest
1001 2244 1146 2330 elinguis
1163 2245 1276 2309 Suada
1291 2243 1407 2321 videri,

699 2354 785 2417 Iuno
800 2351 893 2429 levis,
912 2350 1033 2436 Cypris
1047 2351 1154 2426 fusca,
1173 2349 1326 2414 Minerva
1343 2349 1456 2414 rudis:

655 2455 718 2521 Cui
734 2458 854 2520 domus
870 2456 1026 2520 heredem
1043 2457 1141 2520 debet
1161 2453 1323 2530 Kethaea,
1340 2452 1473 2518 coaevis

697 2558 763 2642 Qui
778 2558 897 2643 praeit,
914 2569 947 2624 et
965 2579 1106 2641 magnos
1122 2566 1244 2640 aequat
1261 2557 1411 2640 ephebus
1427 2577 1531 2622 avos:

655 2664 733 2727 Non
749 2684 812 2747 ego
826 2672 859 2728 te
877 2663 1013 2746 Phrygii
1031 2662 1176 2746 pastoris
1193 2683 1331 2726 munere
1347 2663 1444 2735 dono,

699 2766 778 2832 Una
793 2765 871 2830 licet
887 2764 1003 2829 vincas
1018 2775 1087 2829 tres
1103 2764 1175 2828 sine
1191 2764 1249 2829 lite
1268 2765 1371 2829 Deas.

653 2869 776 2954 Accipe
793 2868 918 2953 pastori
936 2869 1093 2953 Solymae
1110 2891 1193 2952 quos
1209 2868 1346 2934 tradidit
1363 2870 1508 2954 hymnos

697 2974 800 3040 Sacra
815 2972 926 3050 Trias,
943 2973 1039 3038 cuius
1055 2983 1089 3037 te
1105 2973 1180 3057 pius
1197 2973 1263 3038 urit
1279 2995 1385 3039 amor.

652 3075 776 3161 Accipe
792 3076 880 3159 quod
897 3085 1049 3139 nostrum
1067 3085 1129 3153 est,
1148 3076 1281 3143 Clariae
1297 3077 1405 3142 tutela
1421 3077 1579 3157 cohortis,

695 3179 759 3245 Cui
775 3179 956 3262 vectigales
973 3189 1052 3244 sunt
1070 3179 1247 3246 Heliconis
1262 3203 1377 3264 aquae.

651 3282 705 3348 Tu
721 3286 852 3367 pondus
868 3284 1044 3366 lucemque
1060 3284 1156 3349 dabis
1171 3284 1344 3368 vitamque
1361 3288 1541 3363 Camenae,

695 3387 790 3471 Quae
806 3387 889 3453 levis
904 3398 938 3451 et
955 3389 1114 3472 squalens
1131 3411 1208 3453 mox
1224 3389 1373 3473 peritura
1387 3389 1461 3454 fuit.

683 3692 856 3754 Ereskinam.]
890 3694 920 3742 ln
933 3693 1057 3744 Lauder’s
1069 3697 1098 3744 M
1101 3712 1158 3745 rasae
1170 3698 1264 3745 Sacrae
1275 3698 1361 3760 (1739)
1373 3696 1424 3746 this
1435 3711 1543 3759 appears
1554 3712 1584 3746 as
1600 3702 1615 3724 “
1623 3696 1776 3746 Areskinarn
1784 3698 1809 3745 ’‘.

644 3789 665 3823 1.
683 3773 797 3837 Regibus
808 3777 885 3837 orta]
918 3776 1042 3840 Through
1054 3777 1098 3825 her
1110 3778 1282 3841 grandfather,
1294 3778 1338 3827 the
1351 3778 1425 3827 Duke
1436 3777 1467 3826 os
1475 3779 1592 3828 Lennox.
