<?xml version="1.0" encoding="UTF-8"?>
<!DOCTYPE html PUBLIC "-//W3C//DTD XHTML 1.0 Transitional//EN"
    "http://www.w3.org/TR/xhtml1/DTD/xhtml1-transitional.dtd">
<html xmlns="http://www.w3.org/1999/xhtml" xml:lang="en" lang="en">
 <head>
  <title>
</title>
<meta http-equiv="Content-Type" content="text/html;charset=utf-8" />
  <meta name='ocr-system' content='tesseract 3.04.00' />
  <meta name='ocr-capabilities' content='ocr_page ocr_carea ocr_par ocr_line ocrx_word'/>
</head>
<body>
  <div class='ocr_page' id='page_1' title='image "./musalatinaaberd00leasgoog_0069.png"; bbox 0 0 4162 5842; ppageno 0'>
   <div class='ocr_carea' id='block_1_1' title="bbox 1088 556 1355 606">
    <p class='ocr_par' dir='ltr' id='par_1_1' title="bbox 1088 556 1355 606">
     <span class='ocr_line' id='line_1_1' title="bbox 1088 556 1355 606; baseline -0.004 0"><span class='ocrx_word' id='word_1_1' title='bbox 1088 556 1355 606; x_wconf 69' lang='lat' dir='ltr'>amomum.</span> 
     </span>
    </p>
   </div>
   <div class='ocr_carea' id='block_1_2' title="bbox 659 1608 1789 1679">
    <p class='ocr_par' dir='ltr' id='par_1_2' title="bbox 659 1608 1789 1679">
     <span class='ocr_line' id='line_1_2' title="bbox 659 1608 1789 1679; baseline -0.002 -1"><span class='ocrx_word' id='word_1_2' title='bbox 659 1613 758 1679; x_wconf 91' lang='lat' dir='ltr'><strong>LIII.</strong></span> <span class='ocrx_word' id='word_1_3' title='bbox 783 1613 846 1677; x_wconf 84' lang='lat' dir='ltr'>AD</span> <span class='ocrx_word' id='word_1_4' title='bbox 871 1608 1153 1677; x_wconf 84' lang='lat' dir='ltr'><strong>ILLUSTREM</strong></span> <span class='ocrx_word' id='word_1_5' title='bbox 1179 1610 1529 1676; x_wconf 85' lang='lat' dir='ltr'><strong>LADERDELIAE</strong></span> <span class='ocrx_word' id='word_1_6' title='bbox 1552 1610 1789 1678; x_wconf 84' lang='lat' dir='ltr'><strong>COMITEM.</strong></span> 
     </span>
    </p>
   </div>
   <div class='ocr_carea' id='block_1_3' title="bbox 675 1851 1673 2876">
    <p class='ocr_par' dir='ltr' id='par_1_3' title="bbox 677 1851 1673 2042">
     <span class='ocr_line' id='line_1_3' title="bbox 677 1851 1673 1939; baseline -0.001 -20"><span class='ocrx_word' id='word_1_7' title='bbox 677 1855 754 1920; x_wconf 92' lang='lat' dir='ltr'>Non</span> <span class='ocrx_word' id='word_1_8' title='bbox 770 1852 853 1920; x_wconf 88' lang='lat' dir='ltr'>mihi</span> <span class='ocrx_word' id='word_1_9' title='bbox 868 1861 959 1930; x_wconf 85' lang='lat' dir='ltr'>sunt,</span> <span class='ocrx_word' id='word_1_10' title='bbox 975 1853 1075 1920; x_wconf 87' lang='lat' dir='ltr'>rubro</span> <span class='ocrx_word' id='word_1_11' title='bbox 1090 1873 1177 1936; x_wconf 89' lang='lat' dir='ltr'>quae</span> <span class='ocrx_word' id='word_1_12' title='bbox 1193 1852 1298 1919; x_wconf 85' lang='lat' dir='ltr'>mittit</span> <span class='ocrx_word' id='word_1_13' title='bbox 1315 1855 1357 1919; x_wconf 93' lang='lat' dir='ltr'>ab</span> <span class='ocrx_word' id='word_1_14' title='bbox 1372 1874 1516 1938; x_wconf 92' lang='lat' dir='ltr'>aequore</span> <span class='ocrx_word' id='word_1_15' title='bbox 1531 1851 1673 1939; x_wconf 83' lang='lat' dir='ltr'><strong>Tethys,</strong></span> 
     </span>
     <span class='ocr_line' id='line_1_4' title="bbox 720 1956 1493 2042; baseline -0.001 -19"><span class='ocrx_word' id='word_1_16' title='bbox 720 1958 783 2026; x_wconf 90' lang='lat' dir='ltr'>Vel</span> <span class='ocrx_word' id='word_1_17' title='bbox 799 1957 894 2042; x_wconf 83' lang='lat' dir='ltr'>niger</span> <span class='ocrx_word' id='word_1_18' title='bbox 909 1956 944 2023; x_wconf 93' lang='lat' dir='ltr'>in</span> <span class='ocrx_word' id='word_1_19' title='bbox 959 1956 1056 2023; x_wconf 90' lang='lat' dir='ltr'>viridi</span> <span class='ocrx_word' id='word_1_20' title='bbox 1073 1978 1159 2041; x_wconf 88' lang='lat' dir='ltr'>quae</span> <span class='ocrx_word' id='word_1_21' title='bbox 1174 1956 1255 2042; x_wconf 86' lang='lat' dir='ltr'>legit</span> <span class='ocrx_word' id='word_1_22' title='bbox 1273 1958 1379 2022; x_wconf 89' lang='lat' dir='ltr'>Indus</span> <span class='ocrx_word' id='word_1_23' title='bbox 1395 1979 1493 2042; x_wconf 87' lang='lat' dir='ltr'>aqua.</span> 
     </span>
    </p>

    <p class='ocr_par' dir='ltr' id='par_1_4' title="bbox 678 2061 1551 2250">
     <span class='ocr_line' id='line_1_5' title="bbox 678 2061 1551 2148; baseline -0.003 -19"><span class='ocrx_word' id='word_1_24' title='bbox 678 2066 773 2131; x_wconf 87' lang='lat' dir='ltr'>Haec</span> <span class='ocrx_word' id='word_1_25' title='bbox 789 2064 861 2142; x_wconf 86' lang='lat' dir='ltr'>tibi,</span> <span class='ocrx_word' id='word_1_26' title='bbox 879 2085 963 2148; x_wconf 94' lang='lat' dir='ltr'>quae</span> <span class='ocrx_word' id='word_1_27' title='bbox 981 2061 1107 2129; x_wconf 90' lang='lat' dir='ltr'><strong>Phoebi</strong></span> <span class='ocrx_word' id='word_1_28' title='bbox 1123 2062 1227 2128; x_wconf 83' lang='lat' dir='ltr'>sacn&#39;s</span> <span class='ocrx_word' id='word_1_29' title='bbox 1242 2084 1261 2128; x_wconf 94' lang='lat' dir='ltr'>e</span> <span class='ocrx_word' id='word_1_30' title='bbox 1276 2062 1426 2128; x_wconf 85' lang='lat' dir='ltr'>fontibus</span> <span class='ocrx_word' id='word_1_31' title='bbox 1442 2061 1551 2140; x_wconf 88' lang='lat' dir='ltr'>hausi,</span> 
     </span>
     <span class='ocr_line' id='line_1_6' title="bbox 721 2164 1445 2250; baseline -0.004 -17"><span class='ocrx_word' id='word_1_32' title='bbox 721 2170 830 2244; x_wconf 85' lang='lat' dir='ltr'>Dona,</span> <span class='ocrx_word' id='word_1_33' title='bbox 849 2165 1037 2243; x_wconf 89' lang='lat' dir='ltr'>Laderdeli,</span> <span class='ocrx_word' id='word_1_34' title='bbox 1054 2164 1349 2250; x_wconf 89' lang='lat' dir='ltr'>quantulacunque</span> <span class='ocrx_word' id='word_1_35' title='bbox 1365 2165 1445 2231; x_wconf 84' lang='lat' dir='ltr'>fero.</span> 
     </span>
    </p>

    <p class='ocr_par' dir='ltr' id='par_1_5' title="bbox 676 2269 1480 2458">
     <span class='ocr_line' id='line_1_7' title="bbox 676 2269 1480 2357; baseline -0.005 -19"><span class='ocrx_word' id='word_1_36' title='bbox 676 2272 798 2357; x_wconf 86' lang='lat' dir='ltr'>Accipe</span> <span class='ocrx_word' id='word_1_37' title='bbox 817 2271 953 2348; x_wconf 91' lang='lat' dir='ltr'>Pierias,</span> <span class='ocrx_word' id='word_1_38' title='bbox 970 2280 1015 2348; x_wconf 91' lang='lat' dir='ltr'>et,</span> <span class='ocrx_word' id='word_1_39' title='bbox 1032 2270 1061 2336; x_wconf 81' lang='lat' dir='ltr'>si</span> <span class='ocrx_word' id='word_1_40' title='bbox 1076 2278 1185 2347; x_wconf 86' lang='lat' dir='ltr'>vacat,</span> <span class='ocrx_word' id='word_1_41' title='bbox 1202 2269 1330 2354; x_wconf 85' lang='lat' dir='ltr'>inspice</span> <span class='ocrx_word' id='word_1_42' title='bbox 1347 2290 1480 2353; x_wconf 78' lang='lat' dir='ltr'>gerras3</span> 
     </span>
     <span class='ocr_line' id='line_1_8' title="bbox 721 2372 1450 2458; baseline -0.005 -17"><span class='ocrx_word' id='word_1_43' title='bbox 721 2377 815 2441; x_wconf 92' lang='lat' dir='ltr'>Hora</span> <span class='ocrx_word' id='word_1_44' title='bbox 831 2385 884 2440; x_wconf 86' lang='lat' dir='ltr'>sat</span> <span class='ocrx_word' id='word_1_45' title='bbox 899 2384 962 2452; x_wconf 89' lang='lat' dir='ltr'>est,</span> <span class='ocrx_word' id='word_1_46' title='bbox 978 2373 1077 2439; x_wconf 86' lang='lat' dir='ltr'>oculo</span> <span class='ocrx_word' id='word_1_47' title='bbox 1092 2373 1121 2439; x_wconf 86' lang='lat' dir='ltr'>si</span> <span class='ocrx_word' id='word_1_48' title='bbox 1136 2383 1337 2458; x_wconf 67' lang='lat' dir='ltr'>properante</span> <span class='ocrx_word' id='word_1_49' title='bbox 1355 2372 1450 2456; x_wconf 90' lang='lat' dir='ltr'>legis.</span> 
     </span>
    </p>

    <p class='ocr_par' dir='ltr' id='par_1_6' title="bbox 676 2458 1464 2668">
     <span class='ocr_line' id='line_1_9' title="bbox 676 2458 1413 2562; baseline -0.004 -17"><span class='ocrx_word' id='word_1_50' title='bbox 676 2480 775 2545; x_wconf 87' lang='lat' dir='ltr'>Alitis</span> <span class='ocrx_word' id='word_1_51' title='bbox 790 2478 946 2562; x_wconf 83' lang='lat' dir='ltr'>armigeri</span> <span class='ocrx_word' id='word_1_52' title='bbox 961 2458 1072 2562; x_wconf 63' lang='lat' dir='ltr'>“proles</span> <span class='ocrx_word' id='word_1_53' title='bbox 1088 2498 1250 2561; x_wconf 88' lang='lat' dir='ltr'>generosa</span> <span class='ocrx_word' id='word_1_54' title='bbox 1265 2486 1413 2561; x_wconf 86' lang='lat' dir='ltr'>putatur,</span> 
     </span>
     <span class='ocr_line' id='line_1_10' title="bbox 720 2581 1464 2668; baseline -0.003 -19"><span class='ocrx_word' id='word_1_55' title='bbox 720 2583 755 2650; x_wconf 84' lang='lat' dir='ltr'>si</span> <span class='ocrx_word' id='word_1_56' title='bbox 771 2605 838 2668; x_wconf 83' lang='lat' dir='ltr'>qua</span> <span class='ocrx_word' id='word_1_57' title='bbox 853 2591 965 2668; x_wconf 85' lang='lat' dir='ltr'>potest</span> <span class='ocrx_word' id='word_1_58' title='bbox 982 2581 1108 2647; x_wconf 90' lang='lat' dir='ltr'>Phoebi</span> <span class='ocrx_word' id='word_1_59' title='bbox 1129 2581 1240 2649; x_wconf 89' lang='lat' dir='ltr'>nobile</span> <span class='ocrx_word' id='word_1_60' title='bbox 1256 2582 1342 2648; x_wconf 89' lang='lat' dir='ltr'>ferre</span> <span class='ocrx_word' id='word_1_61' title='bbox 1358 2583 1464 2648; x_wconf 88' lang='lat' dir='ltr'>iubar.</span> 
     </span>
    </p>

    <p class='ocr_par' dir='ltr' id='par_1_7' title="bbox 675 2685 1566 2876">
     <span class='ocr_line' id='line_1_11' title="bbox 675 2685 1566 2772; baseline 0.001 -20"><span class='ocrx_word' id='word_1_62' title='bbox 675 2687 729 2753; x_wconf 87' lang='lat' dir='ltr'>&#39;Iu</span> <span class='ocrx_word' id='word_1_63' title='bbox 746 2708 878 2772; x_wconf 92' lang='lat' dir='ltr'>quoque</span> <span class='ocrx_word' id='word_1_64' title='bbox 895 2686 1079 2763; x_wconf 83' lang='lat' dir='ltr'>Phoebeos,</span> <span class='ocrx_word' id='word_1_65' title='bbox 1096 2707 1163 2770; x_wconf 92' lang='lat' dir='ltr'>quo</span> <span class='ocrx_word' id='word_1_66' title='bbox 1178 2706 1240 2770; x_wconf 87' lang='lat' dir='ltr'>par</span> <span class='ocrx_word' id='word_1_67' title='bbox 1254 2696 1305 2752; x_wconf 86' lang='lat' dir='ltr'>est</span> <span class='ocrx_word' id='word_1_68' title='bbox 1322 2685 1460 2764; x_wconf 89' lang='lat' dir='ltr'>lumine,</span> <span class='ocrx_word' id='word_1_69' title='bbox 1477 2686 1566 2753; x_wconf 82' lang='lat' dir='ltr'>fetus</span> 
     </span>
     <span class='ocr_line' id='line_1_12' title="bbox 719 2789 1433 2876; baseline -0.004 -18"><span class='ocrx_word' id='word_1_70' title='bbox 719 2790 929 2876; x_wconf 80' lang='lat' dir='ltr'>Adspiciens,</span> <span class='ocrx_word' id='word_1_71' title='bbox 945 2789 1079 2876; x_wconf 77' lang='lat' dir='ltr'>generis</span> <span class='ocrx_word' id='word_1_72' title='bbox 1094 2791 1138 2858; x_wconf 90' lang='lat' dir='ltr'>da</span> <span class='ocrx_word' id='word_1_73' title='bbox 1153 2790 1356 2857; x_wconf 89' lang='lat' dir='ltr'>documenta</span> <span class='ocrx_word' id='word_1_74' title='bbox 1372 2789 1433 2856; x_wconf 88' lang='lat' dir='ltr'>tui.</span> 
     </span>
    </p>
   </div>
   <div class='ocr_carea' id='block_1_4' title="bbox 678 2892 1460 3086">
    <p class='ocr_par' dir='ltr' id='par_1_8' title="bbox 678 2892 1460 3086">
     <span class='ocr_line' id='line_1_13' title="bbox 678 2892 1460 2980; baseline 0 -20"><span class='ocrx_word' id='word_1_75' title='bbox 678 2896 793 2962; x_wconf 91' lang='lat' dir='ltr'>Heroo</span> <span class='ocrx_word' id='word_1_76' title='bbox 809 2894 858 2960; x_wconf 89' lang='lat' dir='ltr'>sic</span> <span class='ocrx_word' id='word_1_77' title='bbox 873 2904 907 2960; x_wconf 93' lang='lat' dir='ltr'>te</span> <span class='ocrx_word' id='word_1_78' title='bbox 922 2903 1125 2980; x_wconf 88' lang='lat' dir='ltr'>prognatum</span> <span class='ocrx_word' id='word_1_79' title='bbox 1141 2892 1318 2978; x_wconf 85' lang='lat' dir='ltr'>sanguine,</span> <span class='ocrx_word' id='word_1_80' title='bbox 1335 2914 1460 2980; x_wconf 90' lang='lat' dir='ltr'>magno</span> 
     </span>
     <span class='ocr_line' id='line_1_14' title="bbox 721 2999 1389 3086; baseline 0 -22"><span class='ocrx_word' id='word_1_81' title='bbox 721 3000 793 3066; x_wconf 90' lang='lat' dir='ltr'>Nec</span> <span class='ocrx_word' id='word_1_82' title='bbox 810 2999 994 3066; x_wconf 87' lang='lat' dir='ltr'>Metellano</span> <span class='ocrx_word' id='word_1_83' title='bbox 1008 3001 1241 3086; x_wconf 82' lang='lat' dir='ltr'>degenerasse,</span> <span class='ocrx_word' id='word_1_84' title='bbox 1258 3002 1389 3085; x_wconf 87' lang='lat' dir='ltr'>probes.</span> 
     </span>
    </p>
   </div>
   <div class='ocr_carea' id='block_1_5' title="bbox 1491 3105 1725 3172">
    <p class='ocr_par' dir='ltr' id='par_1_9' title="bbox 1491 3105 1725 3172">
     <span class='ocr_line' id='line_1_15' title="bbox 1491 3105 1725 3172; baseline -0.004 -1"><span class='ocrx_word' id='word_1_85' title='bbox 1491 3107 1579 3171; x_wconf 80' lang='lat' dir='ltr'>Aar.</span> <span class='ocrx_word' id='word_1_86' title='bbox 1604 3105 1725 3172; x_wconf 74' lang='lat' dir='ltr'>Ionsr.</span> 
     </span>
    </p>
   </div>
   <div class='ocr_carea' id='block_1_6' title="bbox 547 3307 1902 3702">
    <p class='ocr_par' dir='ltr' id='par_1_10' title="bbox 660 3307 1630 3375">
     <span class='ocr_line' id='line_1_16' title="bbox 660 3307 1630 3375; baseline 0.007 -18"><span class='ocrx_word' id='word_1_87' title='bbox 660 3323 684 3372; x_wconf 88' lang='lat'>7.</span> <span class='ocrx_word' id='word_1_88' title='bbox 704 3308 781 3358; x_wconf 79' lang='lat' dir='ltr'>Alitis</span> <span class='ocrx_word' id='word_1_89' title='bbox 791 3307 933 3374; x_wconf 77' lang='lat' dir='ltr'>armigeri]</span> <span class='ocrx_word' id='word_1_90' title='bbox 965 3307 1023 3359; x_wconf 84' lang='lat' dir='ltr'>The</span> <span class='ocrx_word' id='word_1_91' title='bbox 1033 3309 1117 3374; x_wconf 68' lang='lat' dir='ltr'>engle,</span> <span class='ocrx_word' id='word_1_92' title='bbox 1129 3325 1159 3359; x_wconf 81' lang='lat' dir='ltr'>ao</span> <span class='ocrx_word' id='word_1_93' title='bbox 1169 3309 1276 3375; x_wconf 78' lang='lat' dir='ltr'>bearing</span> <span class='ocrx_word' id='word_1_94' title='bbox 1286 3310 1331 3360; x_wconf 86' lang='lat' dir='ltr'>the</span> <span class='ocrx_word' id='word_1_95' title='bbox 1342 3309 1508 3361; x_wconf 74' lang='lat' dir='ltr'>thuoderbolt</span> <span class='ocrx_word' id='word_1_96' title='bbox 1519 3310 1551 3360; x_wconf 77' lang='lat' dir='ltr'>of</span> <span class='ocrx_word' id='word_1_97' title='bbox 1557 3311 1630 3375; x_wconf 84' lang='lat' dir='ltr'>Jove.</span> 
     </span>
    </p>

    <p class='ocr_par' dir='ltr' id='par_1_11' title="bbox 547 3390 1902 3702">
     <span class='ocr_line' id='line_1_17' title="bbox 646 3390 1902 3459; baseline 0.006 -22"><span class='ocrx_word' id='word_1_98' title='bbox 646 3403 684 3438; x_wconf 84' lang='lat'>12.</span> <span class='ocrx_word' id='word_1_99' title='bbox 703 3391 865 3454; x_wconf 66' lang='lat' dir='ltr'>Metennio]</span> <span class='ocrx_word' id='word_1_100' title='bbox 899 3391 953 3441; x_wconf 85' lang='lat' dir='ltr'>Not</span> <span class='ocrx_word' id='word_1_101' title='bbox 964 3390 1010 3440; x_wconf 85' lang='lat' dir='ltr'>the</span> <span class='ocrx_word' id='word_1_102' title='bbox 1021 3391 1124 3441; x_wconf 79' lang='lat' dir='ltr'>famous</span> <span class='ocrx_word' id='word_1_103' title='bbox 1135 3392 1251 3442; x_wconf 79' lang='lat' dir='ltr'>william</span> <span class='ocrx_word' id='word_1_104' title='bbox 1263 3392 1293 3442; x_wconf 81' lang='lat' dir='ltr'>or&#39;</span> <span class='ocrx_word' id='word_1_105' title='bbox 1301 3391 1353 3442; x_wconf 81' lang='lat' dir='ltr'>thio</span> <span class='ocrx_word' id='word_1_106' title='bbox 1364 3391 1463 3457; x_wconf 73' lang='lat' dir='ltr'>family,</span> <span class='ocrx_word' id='word_1_107' title='bbox 1472 3391 1516 3442; x_wconf 83' lang='lat' dir='ltr'>the</span> <span class='ocrx_word' id='word_1_108' title='bbox 1527 3402 1657 3457; x_wconf 77' lang='lat' dir='ltr'>secretary</span> <span class='ocrx_word' id='word_1_109' title='bbox 1665 3394 1696 3442; x_wconf 81' lang='lat' dir='ltr'>os</span> <span class='ocrx_word' id='word_1_110' title='bbox 1703 3393 1792 3459; x_wconf 83' lang='lat' dir='ltr'>Queen</span> <span class='ocrx_word' id='word_1_111' title='bbox 1804 3395 1902 3459; x_wconf 75' lang='lat' dir='ltr'>Mary&#39;o</span> 
     </span>
     <span class='ocr_line' id='line_1_18' title="bbox 547 3469 1901 3541; baseline 0.007 -22"><span class='ocrx_word' id='word_1_112' title='bbox 547 3469 618 3531; x_wconf 77' lang='lat' dir='ltr'>time,</span> <span class='ocrx_word' id='word_1_113' title='bbox 643 3471 689 3519; x_wconf 85' lang='lat' dir='ltr'>but</span> <span class='ocrx_word' id='word_1_114' title='bbox 711 3471 755 3521; x_wconf 84' lang='lat' dir='ltr'>the</span> <span class='ocrx_word' id='word_1_115' title='bbox 776 3473 853 3522; x_wconf 82' lang='lat' dir='ltr'>earl’s</span> <span class='ocrx_word' id='word_1_116' title='bbox 875 3473 967 3535; x_wconf 79' lang='lat' dir='ltr'>father,</span> <span class='ocrx_word' id='word_1_117' title='bbox 991 3473 1069 3537; x_wconf 89' lang='lat' dir='ltr'>John,</span> <span class='ocrx_word' id='word_1_118' title='bbox 1093 3473 1137 3524; x_wconf 84' lang='lat' dir='ltr'>the</span> <span class='ocrx_word' id='word_1_119' title='bbox 1159 3474 1306 3524; x_wconf 87' lang='lat' dir='ltr'>chancellor</span> <span class='ocrx_word' id='word_1_120' title='bbox 1332 3474 1363 3524; x_wconf 83' lang='lat' dir='ltr'>os</span> <span class='ocrx_word' id='word_1_121' title='bbox 1386 3475 1474 3538; x_wconf 79' lang='lat' dir='ltr'>Jameo</span> <span class='ocrx_word' id='word_1_122' title='bbox 1495 3475 1566 3525; x_wconf 79' lang='lat' dir='ltr'>VL&#39;s</span> <span class='ocrx_word' id='word_1_123' title='bbox 1587 3475 1659 3525; x_wconf 87' lang='lat' dir='ltr'>time.</span> <span class='ocrx_word' id='word_1_124' title='bbox 1703 3477 1740 3526; x_wconf 75' lang='lat' dir='ltr'>As</span> <span class='ocrx_word' id='word_1_125' title='bbox 1762 3478 1901 3541; x_wconf 75' lang='lat' dir='ltr'>“joannes</span> 
     </span>
     <span class='ocr_line' id='line_1_19' title="bbox 548 3551 1901 3623; baseline 0.006 -23"><span class='ocrx_word' id='word_1_126' title='bbox 548 3551 731 3609; x_wconf 79' lang='lat' dir='ltr'>Metellanua,”</span> <span class='ocrx_word' id='word_1_127' title='bbox 743 3552 776 3601; x_wconf 86' lang='lat' dir='ltr'>he</span> <span class='ocrx_word' id='word_1_128' title='bbox 787 3552 834 3603; x_wconf 78' lang='lat' dir='ltr'>has</span> <span class='ocrx_word' id='word_1_129' title='bbox 845 3568 861 3602; x_wconf 88' lang='lat' dir='ltr'>a</span> <span class='ocrx_word' id='word_1_130' title='bbox 872 3553 948 3604; x_wconf 77' lang='lat' dir='ltr'>nithe</span> <span class='ocrx_word' id='word_1_131' title='bbox 960 3570 988 3605; x_wconf 80' lang='lat' dir='ltr'>as</span> <span class='ocrx_word' id='word_1_132' title='bbox 1001 3570 1016 3604; x_wconf 86' lang='lat' dir='ltr'>a</span> <span class='ocrx_word' id='word_1_133' title='bbox 1032 3564 1092 3619; x_wconf 81' lang='lat' dir='ltr'>poet</span> <span class='ocrx_word' id='word_1_134' title='bbox 1110 3555 1136 3604; x_wconf 91' lang='lat' dir='ltr'>in</span> <span class='ocrx_word' id='word_1_135' title='bbox 1154 3555 1197 3605; x_wconf 86' lang='lat' dir='ltr'>the</span> <span class='ocrx_word' id='word_1_136' title='bbox 1215 3561 1231 3584; x_wconf 80' lang='lat'>‘¹</span> <span class='ocrx_word' id='word_1_137' title='bbox 1240 3555 1378 3616; x_wconf 78' lang='lat' dir='ltr'>Delitiae,’&#39;</span> <span class='ocrx_word' id='word_1_138' title='bbox 1390 3556 1443 3606; x_wconf 82' lang='lat' dir='ltr'>and</span> <span class='ocrx_word' id='word_1_139' title='bbox 1459 3571 1475 3607; x_wconf 81' lang='lat' dir='ltr'>a</span> <span class='ocrx_word' id='word_1_140' title='bbox 1486 3556 1559 3620; x_wconf 76' lang='lat' dir='ltr'>place</span> <span class='ocrx_word' id='word_1_141' title='bbox 1570 3557 1596 3605; x_wconf 89' lang='lat' dir='ltr'>in</span> <span class='ocrx_word' id='word_1_142' title='bbox 1608 3557 1653 3607; x_wconf 82' lang='lat' dir='ltr'>the</span> <span class='ocrx_word' id='word_1_143' title='bbox 1665 3558 1780 3608; x_wconf 84' lang='lat' dir='ltr'>Scottish</span> <span class='ocrx_word' id='word_1_144' title='bbox 1792 3574 1901 3623; x_wconf 84' lang='lat' dir='ltr'>peerage</span> 
     </span>
     <span class='ocr_line' id='line_1_20' title="bbox 547 3631 1387 3702; baseline 0.006 -20"><span class='ocrx_word' id='word_1_145' title='bbox 547 3647 576 3682; x_wconf 79' lang='lat' dir='ltr'>aa</span> <span class='ocrx_word' id='word_1_146' title='bbox 587 3632 631 3682; x_wconf 81' lang='lat' dir='ltr'>the</span> <span class='ocrx_word' id='word_1_147' title='bbox 642 3631 697 3683; x_wconf 70' lang='lat' dir='ltr'>first</span> <span class='ocrx_word' id='word_1_148' title='bbox 712 3633 781 3684; x_wconf 84' lang='lat' dir='ltr'>Lord</span> <span class='ocrx_word' id='word_1_149' title='bbox 798 3635 926 3686; x_wconf 77' lang='lat' dir='ltr'>Maitland</span> <span class='ocrx_word' id='word_1_150' title='bbox 937 3637 968 3686; x_wconf 84' lang='lat' dir='ltr'>os</span> <span class='ocrx_word' id='word_1_151' title='bbox 976 3637 1124 3688; x_wconf 79' lang='lat' dir='ltr'>Thirlotane</span> <span class='ocrx_word' id='word_1_152' title='bbox 1135 3640 1218 3702; x_wconf 83' lang='lat'>(1590,</span> <span class='ocrx_word' id='word_1_153' title='bbox 1230 3637 1290 3688; x_wconf 82' lang='lat' dir='ltr'>died</span> <span class='ocrx_word' id='word_1_154' title='bbox 1305 3638 1387 3700; x_wconf 78' lang='lat'>1595).</span> 
     </span>
    </p>
   </div>
   <div class='ocr_carea' id='block_1_7' title="bbox 0 0 2086 5842">
    <p class='ocr_par' dir='ltr' id='par_1_12' title="bbox 0 0 2086 5842">
     <span class='ocr_line' id='line_1_21' title="bbox 0 0 2086 5842; baseline 0 4"><span class='ocrx_word' id='word_1_155' title='bbox 0 0 2086 5842; x_wconf 95' lang='lat' dir='ltr'> </span> 
     </span>
    </p>
   </div>
  </div>
 </body>
</html>
