4162 5842
477 555 524 604 orr
549 556 642 604 einr
665 541 939 606 mundanirr’s
961 556 1241 604 eussromssrurs.

314 710 402 777 Diva
420 711 528 796 Paphi
544 712 692 797 speculo,
708 713 803 797 virga
819 712 973 799 Cyllenia
988 713 1110 798 proles»,

356 816 523 883 Cornibus
539 817 666 882 auratis
681 816 773 882 frons
788 817 860 896 tibi,
880 818 989 896 Luna,
1006 817 1102 883 nitet.

313 923 449 1007 Quanta
465 925 597 1000 domus,
614 933 664 988 tot
681 923 773 989 culta
791 923 881 997 Deis,
897 934 947 988 tot
964 923 1074 989 lucida
1090 921 1255 988 flammis!

358 1027 453 1111 Quae
469 1027 560 1092 dedit
576 1028 660 1093 haec
677 1028 803 1093 mundo
819 1028 977 1105 maxima,
994 1038 1120 1111 quanta
1139 1028 1212 1092 Dea
1228 1027 1298 1091 estl

634 1218 666 1283 8.
693 1235 872 1284 Lueriam
895 1233 1095 1284 acu-arere.

317 1350 385 1418 Hic
401 1363 532 1417 castum
548 1351 631 1418 fodit
647 1352 721 1437 ipsa
737 1352 800 1418 sibi
818 1352 976 1418 Lucretia
992 1361 1120 1436 pectus,

359 1457 457 1540 Quod
473 1477 540 1521 non
557 1456 739 1533 commisit,
754 1477 814 1541 per
832 1457 941 1522 scelus
960 1455 1032 1521 ulta
1048 1454 1153 1520 nesae.

318 1559 437 1625 Intulit
453 1559 542 1625 hanc
556 1560 654 1626 fastis
669 1570 703 1625 et
719 1570 835 1626 notam
851 1560 995 1626 reddidit
1010 1558 1081 1624 orbi

362 1666 490 1730 Dextra
506 1675 618 1731 metus
634 1687 760 1750 expers,
776 1677 808 1730 et
828 1665 899 1730 sine
916 1665 990 1730 labe
1005 1674 1110 1729 torus.

318 1770 384 1834 Sed
400 1780 564 1852 quantum
582 1789 704 1833 manus
719 1770 800 1834 orba
816 1781 920 1844 metu,
937 1768 1009 1834 sine
1025 1766 1164 1833 crimine
1178 1764 1297 1840 lectus,

361 1873 507 1938 Setonae
522 1881 657 1938 tantum
673 1871 862 1939 nobilitavit
878 1893 970 1937 acus.

679 2082 710 2144 9.
736 2080 830 2128 roera
853 2078 1053 2128 acu-prere.

321 2200 416 2266 Picta
433 2201 651 2266 Laderdeliae
667 2201 747 2266 dum
764 2212 895 2286 spectat
911 2221 1012 2285 poma
1030 2198 1213 2272 Minervae,

362 2305 418 2371 Sic
435 2305 589 2370 Paridem
605 2305 711 2370 fertur
725 2305 925 2391 corripuisse
940 2307 1075 2370 Venus:

319 2409 460 2484 Perfide,
476 2429 537 2473 cur
551 2408 647 2474 nobis
663 2429 740 2473 curn
756 2408 866 2492 pomis
882 2410 982 2473 verba
997 2405 1144 2472 dedisti?

362 2513 432 2578 Cur
447 2533 579 2577 mecum
595 2512 722 2578 formae
738 2513 887 2597 praemia
905 2511 1015 2579 Pallas
1030 2510 1160 2578 habet?

320 2617 436 2682 Iudice
451 2618 510 2681 sed
525 2616 554 2680 si
570 2627 604 2681 te
620 2617 774 2700 superavi
792 2617 941 2689 Pallada,
958 2616 1067 2701 pomis

363 2723 433 2789 Cur
447 2745 509 2807 ego
527 2722 686 2788 Palladiis
702 2723 867 2790 deteriora
882 2723 943 2789 tuli
956 2723 970 2788 l

279 2930 332 2990 136.
351 2928 455 2993 Quanta
468 2929 524 2978 Dea
535 2930 598 2991 eea]
631 2927 696 2977 This
712 2927 862 2992 hyperbolic
873 2925 1041 2991 compliment
1058 2935 1086 2974 ro
1099 2924 1173 2988 Lady
1185 2919 1346 2974 Lauderdale
1363 2917 1385 2966 ie
1402 2929 1433 2966 eo
1449 2910 1547 2964 lramed

190 3005 246 3060 that
258 3008 277 3059 it
289 3025 349 3075 may
361 3010 416 3060 also
428 3009 506 3074 apply
517 3020 545 3059 to
558 3011 657 3060 Nature
670 3010 771 3062 herself.

278 3106 332 3154 141.
351 3092 413 3142 Sine
423 3092 531 3142 crimine
542 3091 647 3157 lectra]
683 3094 795 3157 Repeats
807 3099 823 3122 ‘¹
831 3093 888 3143 eine
900 3092 957 3142 labe
970 3101 1042 3142 tome
1053 3091 1078 3140 ”.
