4162 5842
925 587 1114 636 EPIGRAMS.

888 762 917 808 1.
943 761 1149 810 DUMBARUS.

470 901 536 966 Sed
553 920 674 964 caecus
690 921 766 965 cum
783 899 827 965 sit
844 898 986 965 Veneris
1002 894 1086 985 puer
1101 899 1164 965 iste
1181 898 1324 983 Cupido,

513 1003 579 1081 Illi,
596 1003 659 1080 dic,
674 1004 791 1069 oculos
806 1006 975 1088 quomodo
991 1003 1178 1089 surripias?

879 1262 910 1308 2.
939 1259 1151 1309 IONSTONUS.

468 1399 531 1462 Est
547 1418 629 1482 puer
645 1396 699 1462 hic
715 1418 857 1463 caecus:
881 1418 997 1462 verum
1015 1395 1104 1461 hunc
1121 1395 1289 1462 infantula
1305 1417 1455 1473 caecum,

511 1500 680 1584 Surreptis
695 1499 812 1576 oculis
828 1499 1064 1567 Abrenethaea
1078 1499 1182 1566 dedit.

880 1758 1145 1826 3.oumosros

465 1895 698 1961 Abrenethaea
715 1893 805 1960 dedit
822 1893 986 1960 caecum?
1010 1914 1088 1960 cum
1104 1891 1232 1958 lumine
1247 1914 1366 1958 cassus

509 1998 560 2065 Sit
577 2008 689 2076 natus,
707 2019 845 2063 caecum
863 2018 929 2081 qua
945 1996 1075 2063 ratione
1092 1995 1209 2062 dedit?

875 2265 905 2328 4.
935 2259 1146 2309 rousrosus.

464 2403 562 2487 Quod
578 2401 638 2468 tibi
655 2400 781 2466 finxisti
797 2410 917 2467 natum
935 2399 1007 2465 sine
1023 2399 1150 2465 lumine
1167 2400 1304 2465 Numen

507 2506 656 2585 Censeri,
674 2506 768 2572 nullo
783 2504 935 2583 crimine,
951 2503 1044 2590 talpa
1060 2514 1183 2589 potest.

877 2766 907 2833 5.
933 2766 1142 2814 DUMBARUS.

461 2905 515 2972 Tu
532 2928 629 2990 mage
645 2905 823 2971 ridiculum
843 2908 977 2972 Numen
994 2905 1054 2985 tibi
1071 2906 1196 2990 fingere
1215 2914 1340 2981 tentas,

506 3010 568 3076 Cui
585 3021 664 3076 sunt
681 3010 814 3076 mortali
831 3010 960 3076 lumina
976 3012 1135 3095 adempta
1152 3030 1266 3075 manu.

872 3252 904 3316 6.
932 3266 1143 3315 rorsrorrus.

462 3403 616 3469 Mortalis
632 3423 698 3467 non
716 3413 778 3480 est,
795 3401 903 3468 oculis
919 3422 1005 3486 quae
1020 3397 1150 3465 orbavit
1167 3398 1335 3471 Amorem,

504 3510 570 3574 Sed
588 3510 672 3587 Dea,
690 3519 771 3574 nata
789 3506 883 3583 Deis,
900 3515 934 3571 et
950 3504 1101 3590 paritura
1118 3505 1217 3602 Deos

874 3766 904 3833 7.
930 3763 1138 3813 nunninus.

461 3905 523 3971 illa
541 3907 614 3970 Dea
631 3914 694 3982 est,
711 3914 769 3970 aut
785 3914 867 3969 nata
883 3901 977 3981 Deis,
994 3900 1185 3987 pariturave
1201 3898 1319 3976 Divos,

503 4009 706 4076 Luminibus
721 4008 806 4075 dicis
822 4028 924 4092 quam
940 4005 1086 4092 spoliare
1103 4006 1218 4071 Deos?

867 4243 899 4307 8.
927 4256 1140 4307 rorsrorros.

459 4398 660 4463 Luminibus
678 4398 773 4462 Deus
790 4396 853 4461 iste
869 4394 941 4461 suis
956 4414 1023 4459 non
1039 4391 1188 4477 indiget;
1212 4388 1260 4455 illi

502 4501 679 4568 Sufficiunt
697 4487 821 4578 casses,
837 4497 982 4576 vincula,
999 4497 1079 4575 tela,
1095 4496 1195 4562 faces.

998 4603 1016 4650 s
