4140 5834
1054 626 1216 675 raasson
1239 611 1520 688 (subruamur).

738 785 893 852 Muribus
908 782 963 851 hic
979 781 1115 849 inhians
1131 780 1225 848 rimis
1240 803 1304 866 ego
1318 781 1458 866 pervigil
1475 782 1585 858 adsto,

780 890 954 954 Murmure
971 908 1032 952 nec
1049 885 1149 952 solito
1165 907 1227 951 nec
1243 886 1327 969 pede
1346 886 1445 950 turbo
1464 884 1564 949 lares.

738 993 891 1058 Membra
905 991 989 1056 mihi
1004 990 1100 1056 laevo
1115 989 1244 1056 iurares
1259 989 1368 1054 sidere
1384 998 1486 1064 tacta,

780 1097 825 1161 Et
842 1105 955 1179 caput,
973 1104 1006 1159 et
1022 1093 1141 1159 molles
1157 1092 1336 1179 diriguisse
1351 1095 1462 1177 pedes.

736 1197 910 1265 Contraho
925 1195 1081 1282 pupillas,
1097 1205 1262 1281 premeret
1278 1217 1340 1261 ceu
1357 1195 1487 1260 lumina
1502 1215 1653 1272 somnus,

782 1304 827 1368 Et
844 1302 954 1367 lucem
970 1300 1083 1366 tenuis
1098 1300 1146 1365 nil
1162 1299 1227 1365 nisi
1242 1299 1328 1366 rima
1343 1300 1460 1365 trahit.

739 1407 820 1471 Mox
835 1405 892 1471 ubi
908 1404 1054 1489 prorepit
1072 1404 1209 1471 latebris
1225 1404 1304 1481 iera,
1319 1414 1476 1489 praepete
1492 1403 1582 1468 saltu

782 1510 919 1585 Involo;
944 1507 991 1573 sic
1008 1507 1105 1572 uncis
1120 1509 1245 1592 praeda
1261 1508 1299 1573 lit
1315 1507 1374 1574 illa
1390 1507 1484 1572 meis.

737 1610 829 1675 Vivit
846 1610 957 1676 adhuc
971 1608 1146 1694 trepidans
1162 1609 1368 1694 pedibusque
1384 1608 1560 1675 tenacibus
1578 1607 1732 1683 haerens,

782 1713 906 1779 Nescio
922 1734 1024 1798 quam
1040 1713 1135 1778 tenui
1151 1734 1323 1779 murmure
1339 1713 1446 1797 poscit
1465 1734 1573 1797 opem.

737 1820 859 1883 Annuo
874 1817 1048 1902 quaesitis,
1066 1817 1212 1897 dimitto,
1230 1818 1334 1884 libera
1349 1817 1469 1883 vinclis

781 1921 846 1987 Illa
861 1921 957 2005 fugit,
974 1921 1139 2006 trepidam
1156 1943 1235 1987 mox
1250 1943 1314 2005 ego
1330 1923 1413 1987 sisto
1428 1921 1555 2006 fugam.

739 2027 809 2090 Nec
827 2024 930 2090 semel
947 2024 1102 2103 excurrit,
1117 2024 1251 2109 quoties
1265 2034 1381 2090 tamen
1398 2025 1456 2091 illa
1472 2025 1617 2090 salutem

782 2130 902 2213 Sperat
918 2148 1034 2204 ovans,
1052 2128 1153 2193 toties
1169 2129 1203 2193 in
1221 2150 1296 2194 mea
1312 2128 1423 2194 vincla
1439 2128 1536 2193 redit.

738 2234 879 2298 Pectora
895 2231 1072 2298 confossus
1088 2232 1181 2297 letali
1196 2233 1334 2300 vulnere
1349 2235 1487 2299 tandem

781 2335 960 2413 Sternitur,
975 2337 1083 2412 Anna,
1097 2344 1176 2402 tuos
1192 2337 1367 2403 musculus
1383 2348 1463 2404 ante
1479 2337 1588 2421 pedes.

739 2439 799 2505 Sin
815 2438 909 2506 iuvat
925 2439 1120 2523 aucupium,
1137 2439 1206 2504 noli
1223 2440 1295 2518 tibi,
1314 2440 1410 2513 Diva,
1426 2440 1595 2504 volucrem

782 2543 960 2627 Quaerere,
975 2564 1060 2626 quae
1077 2541 1187 2608 socias
1203 2544 1331 2627 perfida
1347 2552 1473 2608 mactat
1490 2564 1580 2608 aves.

740 2647 841 2710 Hanc
856 2668 919 2729 ego
935 2658 1060 2713 venatu
1076 2668 1206 2732 supero,
1221 2648 1250 2711 si
1265 2647 1417 2712 fulminis
1432 2648 1503 2711 ales

783 2748 969 2832 Excipitur,
985 2750 1159 2815 volucrum
1176 2772 1231 2814 me
1246 2772 1353 2834 genus
1366 2772 1467 2816 omne
1481 2750 1589 2817 timet.

739 2853 818 2918 Non
833 2850 917 2916 rnihi
933 2861 1013 2916 sunt
1029 2851 1113 2927 alae,
1128 2854 1286 2936 praedam
1304 2864 1419 2919 tamen
1435 2876 1585 2939 aucupor
1600 2866 1686 2932 astu,

783 2958 828 3021 Et
845 2955 976 3039 quoties
992 2955 1114 3040 pennis
1129 2965 1180 3021 est
1197 2978 1292 3041 opus,
1309 2969 1381 3023 arte
1398 2980 1503 3042 regor.

738 3059 892 3125 Callidus
908 3060 1091 3125 observans
1105 3061 1258 3126 volucres
1274 3084 1341 3146 qua
1357 3063 1473 3128 fronde
1489 3072 1658 3147 tegantur,

783 3164 861 3227 Huc
878 3184 940 3247 ego
956 3186 1015 3247 per
1030 3166 1198 3242 tenebrae,
1215 3176 1314 3231 nocte
1330 3166 1460 3242 silente,
1475 3166 1569 3231 feror.

737 3267 863 3331 Arbore
880 3287 1075 3346 conscensa,
1092 3290 1213 3334 somno
1229 3269 1437 3355 dapibusque
1454 3270 1604 3355 sepultas

782 3370 945 3454 Occupo?
969 3371 1098 3455 sopitae
1115 3371 1163 3436 sic
1179 3372 1376 3456 iugulantur
1391 3394 1478 3438 aves

737 3472 834 3537 Talia
851 3485 884 3537 te
901 3474 928 3537 si
944 3474 1012 3538 fors
1028 3487 1181 3540 recreant
1198 3478 1401 3559 spectacula,
1420 3477 1532 3559 Virgo,

784 3578 877 3641 lnter
892 3579 1029 3644 delicias
1046 3602 1098 3645 me
1115 3604 1248 3666 quoque
1264 3604 1350 3667 pone
1366 3593 1451 3647 tuas.
1925 3603 1968 3668 70

710 3896 749 3944 5²·
769 3882 852 3931 Tenui
864 3886 1015 3946 murmure]
1048 3885 1104 3934 The
1117 3893 1132 3915 ‘¹
1140 3888 1267 3953 cheeping
1275 3893 1288 3914 ''
1300 3893 1330 3940 ol
1338 3893 1382 3941 the
1393 3907 1483 3942 mousc
1495 3894 1516 3941 is
1528 3893 1626 3958 mainly
1635 3904 1730 3953 meant,
1740 3895 1838 3958 though
1851 3896 1969 3959 possibly

608 3971 624 3993 “
633 3967 711 4014 mus''
724 3979 784 4028 may
795 3964 897 4015 include
909 3974 961 4014 rats
974 3981 1002 4015 as
1014 3966 1072 4016 well
1084 3984 1113 4017 as
1125 3970 1198 4021 mice.
