4162 5842
787 599 978 646 EPIGRAMS.

384 1403 511 1467 XCVI.
544 1403 606 1467 ΟΝ
633 1403 762 1467 EARL
786 1402 847 1468 OF
872 1404 1175 1470 PEMBROKE’S
1200 1404 1377 1469 DEATH.

380 1637 437 1686 The
448 1648 525 1687 event
536 1638 597 1687 here
609 1638 740 1688 lamented
751 1639 812 1688 took
824 1639 897 1703 place
909 1639 935 1688 in
949 1641 1019 1702 1630.
1054 1641 1103 1690 See
1115 1641 1174 1690 Vol.
1187 1642 1208 1689 1.
1222 1641 1271 1689 No.
1285 1641 1405 1689 XXXIV.

783 1871 973 1914 ARGUMENT.

287 2001 385 2062 What
410 1999 510 2059 avails
537 2001 650 2076 golden
673 2001 782 2072 virtue,
805 2021 840 2061 or
861 2003 1008 2074 honours,
1031 2002 1122 2075 birth,
1145 2013 1251 2080 troops
1273 2001 1308 2062 of
1325 2000 1450 2076 friends,
1473 2003 1557 2081 royal

202 2097 320 2170 favour,
335 2097 473 2157 wealth?
517 2097 644 2172 Among
666 2098 840 2174 England’s
863 2119 938 2159 sons
961 2100 1123 2160 Fortune’s
1144 2109 1279 2175 greatest
1299 2097 1461 2171 favourite,
1482 2098 1557 2160 iore·

203 2206 287 2257 most
308 2194 344 2255 oi
360 2197 413 2255 the
436 2215 576 2272 peerage,
599 2198 685 2270 thou,
710 2197 890 2268 Pembroke,
910 2199 1070 2274 perishest.
1116 2199 1209 2259 Since
1230 2198 1286 2275 thy
1307 2196 1470 2259 master’s¹
1484 2197 1560 2257 dark

202 2295 329 2370 demise,
346 2314 387 2354 no
401 2297 461 2372 day
477 2296 534 2353 has
549 2297 677 2355 dawned
696 2314 732 2356 so
753 2298 827 2356 dark
849 2298 982 2357 beneath
1005 2299 1058 2357 the
1073 2297 1153 2374 pole.

431 2547 439 2578 ¹
451 2547 508 2597 The
522 2547 593 2612 king,
605 2549 693 2611 James
706 2550 727 2597 1.
740 2549 770 2598 os
779 2549 907 2614 Engiand,
920 2551 965 2601 VI.
980 2550 1011 2598 os
1020 2549 1152 2609 Scotlond,
1163 2548 1223 2599 died
1235 2548 1261 2598 in
1275 2551 1346 2610 1625.

381 3085 506 3149 XCVI.
540 3087 587 3148 IN
615 3086 803 3152 OBITUM
830 3087 1028 3151 COMITIS
1054 3085 1374 3150 PEMBROCHII.

333 3323 443 3385 Aurea
460 3321 538 3403 quid
554 3321 672 3399 virtus,
691 3322 769 3405 quid
785 3334 925 3407 prosunt
943 3321 1092 3405 sanguin,
1110 3322 1265 3397 honores,

379 3425 471 3489 Mille
488 3426 675 3502 clientelae,
692 3426 800 3509 gratia
816 3424 914 3509 regis,
932 3425 1037 3508 opes?

332 3529 540 3613 Angligenas
556 3529 643 3594 inter
657 3529 923 3594 fortunatissime
939 3549 1055 3611 nuper,

378 3633 588 3710 Pembrochi,
605 3643 638 3698 et
655 3656 828 3718 procerum
846 3633 951 3718 gloria
967 3631 1087 3716 prima,
1105 3630 1208 3697 cadis.

335 3741 414 3803 Post
431 3737 557 3802 domini
575 3738 728 3823 regisque
743 3738 792 3803 tui
810 3738 905 3822 nigra
920 3737 1048 3816 funera,
1065 3736 1179 3801 nullus
1202 3742 1206 3751 '

375 3841 488 3907 Atrior
503 3842 566 3907 hoc
582 3841 665 3907 caeli
682 3842 777 3907 fluxit
795 3845 836 3908 ab
851 3864 914 3907 axe
932 3841 1014 3907 dies.
