4162 5842
1146 572 1414 622 amomum.

963 732 1103 800 CXXV.
1137 730 1204 796 DE
1228 730 1382 798 SCENA
1407 729 1604 794 MARINA.

739 907 924 974 Lucrinum
940 905 1132 992 quicunque
1147 904 1259 971 lacum
1275 903 1328 969 vel
1344 913 1467 988 stagna
1482 902 1629 969 Neronis

782 1010 947 1097 Adspicis,
964 1009 1078 1075 Arctoi
1094 1009 1228 1094 suspice
1245 1007 1350 1093 Regis
1366 1029 1458 1092 opus.

741 1118 796 1183 En
811 1137 919 1182 novus
935 1116 1092 1180 Oceanus
1109 1112 1221 1178 media
1236 1133 1272 1177 se
1288 1122 1400 1178 versat
1416 1112 1450 1176 in
1467 1111 1555 1190 aula,

783 1222 925 1286 Aestuat
941 1228 975 1284 et
991 1218 1072 1284 tecti
1088 1216 1196 1282 limite
1212 1216 1328 1282 clausa
1343 1214 1475 1281 Thetis.

741 1327 804 1390 Est
820 1345 912 1389 mare
928 1321 1130 1399 caeruleum,
1148 1319 1299 1386 flavescit
1315 1319 1412 1385 littus
1427 1319 1550 1399 arenis,

785 1430 879 1494 Inter
893 1448 999 1511 aquas
1015 1447 1132 1491 musco
1148 1446 1229 1491 saxa
1244 1424 1351 1490 virere
1367 1423 1471 1489 vides.

742 1535 841 1600 Nunc
857 1541 1002 1616 aequata
1016 1530 1116 1609 iacet,
1133 1551 1222 1596 nunc
1239 1528 1332 1594 nullo
1347 1529 1481 1596 concita
1496 1539 1598 1596 vento

784 1636 910 1721 Surgit,
927 1646 960 1701 et
977 1635 1125 1702 alternos
1141 1633 1268 1719 colligit
1285 1635 1375 1699 unda
1391 1633 1497 1699 sinus.

742 1745 841 1808 Nunc
855 1741 967 1807 fremit
984 1742 1173 1818 ardescens,
1190 1749 1223 1804 et
1239 1738 1352 1823 pulsat
1368 1739 1528 1807 fluctibus
1543 1750 1646 1819 astra,

784 1848 885 1912 Nunc
900 1844 990 1910 iures
1006 1843 1135 1930 Stygiis
1150 1864 1295 1927 aequora
1311 1842 1417 1909 mixta
1431 1842 1538 1910 vadis.

743 1952 815 2016 Nec
831 1951 954 2015 desunt
970 1969 1032 2014 sua
1047 1947 1122 2012 vela
1138 1945 1234 2024 mari,
1252 1967 1314 2012 nec
1332 1945 1458 2024 navita,
1475 1967 1605 2031 puppes

785 2052 852 2139 Qui
867 2061 973 2138 regat,
990 2061 1050 2118 aut
1065 2049 1177 2136 glauci
1193 2049 1336 2116 buccina
1351 2059 1441 2116 torta
1459 2051 1535 2116 Dei.

742 2156 827 2225 Vela
843 2155 964 2222 Thetis
979 2177 1047 2222 non
1063 2165 1141 2223 acta
1158 2154 1268 2233 Notis,
1284 2155 1371 2221 vada
1386 2153 1524 2240 byssina
1541 2155 1673 2220 Nereus

786 2264 853 2330 Hic
869 2273 995 2349 stupet,
1012 2274 1045 2330 et
1062 2263 1171 2329 siccas
1186 2261 1341 2347 aequoris
1357 2271 1476 2328 auctor
1491 2285 1607 2346 aquas.

744 2370 803 2434 Ius
818 2367 940 2453 pelagi,
959 2370 1043 2446 Rex,
1060 2389 1160 2432 omne
1176 2376 1272 2432 tuum
1289 2375 1352 2443 est,
1369 2365 1426 2448 qui
1443 2365 1579 2433 caerula
1593 2375 1684 2432 tecto

786 2472 935 2551 Claudis,
953 2481 986 2537 et
1004 2473 1169 2549 Oceanos‚
1186 2492 1264 2537 cum
1280 2470 1384 2548 lubet,
1402 2469 1474 2554 ipse
1488 2468 1583 2535 facis.

832 2818 992 2886 CXXVI.
1024 2818 1088 2885 ΟΝ
1113 2819 1141 2882 Α
1167 2818 1326 2883 ROYAL
1354 2816 1493 2885 HUNT
1518 2818 1753 2884 IMPEDED.

1197 3038 1389 3082 ARGUMENT.

695 3190 757 3252 His
771 3192 895 3251 hounds
909 3191 962 3251 the
978 3189 1064 3267 King
1077 3197 1180 3249 wants
1200 3199 1234 3249 to
1254 3189 1334 3248 train
1350 3189 1381 3248 in
1396 3190 1544 3267 coursing
1557 3189 1635 3252 atter
1648 3191 1749 3265 hares,
1764 3195 1825 3254 and
1846 3194 1972 3271 against

612 3293 666 3353 the
680 3288 770 3350 timid
785 3308 878 3366 game
892 3289 931 3349 he
946 3307 1090 3365 prepares
1104 3298 1137 3347 to
1152 3305 1251 3347 move.
1296 3287 1454 3366 Suddenly
1469 3308 1488 3347 a
1502 3298 1618 3349 torrent
1632 3288 1668 3349 ol
1678 3290 1743 3349 rain
1759 3309 1864 3351 comes
1878 3292 1970 3351 down

613 3386 691 3448 from
704 3389 782 3466 Jove
803 3387 864 3446 and
886 3387 1024 3462 compels
1045 3386 1098 3446 the
1122 3385 1206 3461 King
1227 3394 1259 3444 to
1282 3395 1352 3461 stop
1373 3385 1423 3443 his
1444 3405 1561 3446 course.
1604 3388 1653 3447 On
1669 3389 1722 3448 the
1739 3388 1849 3465 King¹s
1871 3389 1971 3450 shield

610 3486 690 3564 Jove
710 3486 771 3545 had
794 3504 866 3544 seen
882 3504 900 3543 a
916 3485 1025 3544 Lion’s
1044 3484 1210 3560 capacious
1225 3484 1345 3556 mouth,
1361 3484 1433 3555 and,
1449 3483 1495 3544 for
1510 3486 1586 3546 such
1607 3505 1626 3545 a
1647 3506 1739 3560 maw,
1754 3507 1773 3546 a
1788 3488 1861 3549 hare
1876 3486 1903 3548 is
1918 3498 1972 3549 too

614 3600 691 3660 poor
704 3601 723 3640 a
736 3599 817 3657 prey.

789 3791 946 3856 CXXVI.
980 3793 1047 3856 DE
1071 3793 1354 3860 VENATIONE
1381 3796 1526 3862 REGIS
1551 3795 1797 3862 IMPEDITA.

748 3968 841 4033 Dum
858 3966 1009 4049 leporum
1027 3986 1127 4031 cursu
1143 3965 1235 4051 cupit
1252 3987 1404 4034 exercere
1422 3970 1595 4045 molossos,

790 4073 836 4136 Et
853 4078 950 4156 parat
967 4070 1001 4135 in
1018 4069 1137 4135 molles
1153 4070 1296 4137 Carolus
1310 4070 1358 4137 ire
1375 4071 1464 4138 ieras
1474 4096 1483 4151 ;

747 4177 825 4241 Non
842 4183 1056 4259 exspectatos
1071 4174 1212 4241 effundit
1228 4177 1373 4261 desuper
1387 4176 1510 4243 imbres

791 4277 953 4364 Iuppiter,
970 4288 1003 4343 et
1022 4278 1150 4362 Regem
1166 4274 1285 4343 sistere
1300 4279 1390 4363 cogit
1407 4279 1480 4344 iter.

746 4383 886 4449 Viderat
902 4382 937 4447 in
953 4382 1062 4466 clipeo
1079 4381 1183 4467 Regis
1199 4381 1349 4467 spatiosa
1364 4382 1471 4449 leonis

790 4487 870 4566 Ora,
888 4486 1011 4571 quibus
1027 4508 1095 4552 non
1111 4495 1163 4551 est
1179 4487 1304 4570 praeda
1320 4496 1373 4553 sat
1390 4487 1504 4572 ampla
1517 4488 1625 4572 lepus.
