4162 5842
813 592 974 641 canenda
999 579 1277 662 (SUPPLEMENT).

496 746 602 810 Antra
619 746 733 811 colunt
752 748 871 813 Musae
888 749 1030 827 steriles,
1048 750 1122 816 sine
1138 751 1290 836 coniugis
1306 774 1381 831 usu,

538 849 584 913 Et
601 849 710 914 rident
726 851 820 935 pueri
837 851 905 917 tela
920 853 1078 937 facesque
1096 854 1169 919 Dei.

495 952 625 1036 Impius
641 954 695 1019 his
710 955 868 1020 technam
885 957 992 1022 fertur
1006 958 1168 1023 struxisse
1190 960 1372 1044 Pyreneus,

537 1058 715 1125 Clauserat
732 1071 765 1126 et
782 1061 904 1146 cupida
919 1072 1009 1128 tecta
1026 1064 1142 1129 dolosa
1161 1086 1275 1130 manu.

494 1160 572 1227 Vim
588 1162 703 1245 fugere
719 1173 834 1229 tamen
852 1165 998 1248 sumptis
1015 1165 1233 1231 Heliconides
1248 1165 1323 1244 alis,

538 1268 682 1351 Unaque
699 1268 852 1333 servandi
869 1290 949 1334 cura
965 1269 1101 1353 pudoris
1118 1280 1199 1335 erat.

495 1369 571 1434 Hoc
587 1371 682 1435 decet
699 1370 851 1455 exemplo
868 1394 978 1437 mores
994 1395 1194 1458 componere
1209 1373 1320 1457 gentis

537 1477 645 1559 Quem
662 1475 755 1541 iuvat
772 1476 900 1541 Aoniae
916 1488 1036 1542 sancta
1053 1479 1166 1562 Lycea
1182 1478 1288 1561 sequi.

494 1576 625 1655 Libera,
643 1579 671 1642 si
688 1579 808 1656 nescis,
826 1602 910 1664 gens
926 1590 976 1644 est
997 1580 1186 1659 Heliconia,
1204 1591 1301 1665 turpe
1320 1591 1371 1645 est

536 1681 657 1747 Libera
674 1682 784 1748 servili
802 1685 943 1749 subdere
960 1685 1046 1750 colla
1062 1685 1152 1769 iugo.

491 1782 604 1869 Turpe
621 1786 711 1850 faces
727 1787 869 1852 Veneris
888 1788 1013 1852 Phoebi
1030 1810 1236 1872 praeponere
1258 1788 1415 1864 flammis,

535 1888 677 1954 Credere
694 1889 745 1954 vel
762 1912 862 1955 caeco
878 1892 977 1955 corda
995 1895 1140 1974 regenda
1159 1894 1243 1956 Deo.

493 1992 601 2058 Dulce
616 1995 750 2077 quidem
768 2005 819 2060 est
836 2006 959 2060 teretes
976 1997 1156 2081 Nymphae
1175 2007 1321 2062 tractare
1343 1996 1498 2081 papillas,

535 2100 580 2162 Et
597 2101 675 2163 dare
692 2100 868 2184 purpureis
885 2100 979 2165 basia
995 2123 1111 2185 pressa
1128 2101 1241 2166 labris.

491 2202 610 2267 Dulcis
626 2214 658 2268 et
676 2214 727 2268 est
744 2204 853 2287 proles
870 2205 988 2269 matris
1005 2206 1083 2269 dum
1101 2205 1186 2270 ludit
1204 2206 1237 2268 in
1254 2204 1354 2282 ulniS,

533 2307 711 2391 Verbaque
726 2308 780 2372 vix
797 2307 890 2373 novit
907 2308 1082 2373 dimidiata
1099 2309 1199 2391 loqui.

490 2410 556 2474 Sed
573 2412 662 2476 mala
679 2413 783 2477 mixta
800 2413 895 2477 bonis
911 2422 944 2477 et
961 2413 1050 2477 dulci
1067 2413 1177 2477 toxica
1193 2413 1295 2490 melli,

439 2549 446 2559 ·
534 2515 720 2599 Iunctaque
736 2517 864 2582 deliciis
880 2517 992 2581 taedia
1009 2517 1100 2581 mille
1119 2517 1222 2581 vides

490 2620 579 2703 Quot
597 2641 673 2685 mea
689 2642 766 2685 rura
782 2620 877 2696 favis,
895 2631 954 2684 tua
971 2630 1052 2703 quot
1069 2630 1149 2684 sunt
1165 2620 1232 2684 feta
1248 2619 1406 2696 metallis,

532 2721 597 2786 Tot
614 2723 714 2800 mala,
733 2725 830 2788 crede
846 2723 940 2800 mihi,
958 2724 1058 2788 taeda
1074 2723 1196 2807 iugalis
1215 2723 1324 2788 habet.

488 2825 580 2889 Luce
596 2825 782 2907 fatigantur
797 2827 917 2891 studiis
936 2827 1111 2891 Heliconis
1130 2827 1270 2903 alumni,

532 2932 651 3008 Nocte,
668 2954 771 3009 soror,
788 2932 895 2997 fessos
910 2933 953 2996 ad
968 2942 1028 2996 tua
1045 2953 1140 2997 sacra
1156 2932 1275 2996 trahis.

488 3035 567 3098 Odit
586 3036 811 3108 Aristotelem,
829 3036 956 3120 Stygiis
972 3058 1104 3119 quoque
1123 3038 1262 3100 devovet
1283 3036 1410 3099 umbris

532 3139 648 3222 Nupta
665 3161 781 3203 recens
800 3140 973 3204 Phoebum
992 3139 1184 3220 Pieriosque
1202 3140 1308 3202 lacus.

488 3243 587 3307 Nunc
606 3245 724 3307 Musas
740 3244 857 3327 inopes
875 3243 1035 3326 queritur,
1054 3264 1143 3306 nunc
1162 3242 1301 3305 Pallada
1319 3240 1452 3304 tristem

532 3346 652 3410 Miscet
668 3357 701 3411 et
718 3347 866 3430 indignis
882 3347 990 3430 iurgia
1006 3368 1106 3429 saepe
1124 3345 1235 3409 minis.

488 3451 581 3515 Mille
599 3452 701 3516 libros
717 3452 805 3517 inter
821 3455 900 3517 dum
917 3452 1015 3535 friget
1032 3462 1063 3515 et
1081 3451 1185 3515 esurit
1205 3471 1298 3526 uxor,

530 3555 559 3620 Ο
576 3554 663 3629 felix,
679 3576 780 3637 quam
797 3555 848 3620 vir
863 3554 958 3618 duxit
975 3553 1127 3638 agrestis,
1143 3553 1210 3617 ait!

487 3659 573 3722 Sunt
590 3658 637 3721 illi
654 3669 788 3741 segetes
804 3668 837 3722 et
854 3668 1013 3743 spumant
1030 3657 1120 3722 dolia
1139 3666 1263 3735 musto,

531 3764 608 3827 Una
625 3785 717 3827 meos
734 3763 850 3846 implet
867 3762 1070 3828 bibliotheca
1087 3762 1181 3826 lares.

486 3865 550 3929 Illa
566 3888 668 3949 pecus
686 3877 851 3943 numerat,
870 3867 960 3931 solas
976 3888 1038 3951 ego
1054 3876 1214 3950 computo
1229 3866 1376 3943 chartas,

528 3969 588 4033 Vir
604 3991 699 4034 meus
715 3969 778 4034 has
794 3990 879 4034 unas
894 3968 1121 4034 accumulavit
1141 3990 1232 4053 opes.

485 4073 540 4139 Sic
557 4074 708 4157 queritur
723 4074 854 4152 coniux,
873 4075 995 4139 barbae
1012 4095 1089 4137 mox
1104 4072 1211 4138 iniicit
1228 4093 1372 4156 ungues,

527 4176 655 4241 Tundit
671 4186 704 4241 et
721 4177 819 4241 enodi
836 4176 989 4260 coniugis
1004 4197 1063 4240 ora
1078 4175 1160 4241 colo.

455 4379 495 4425 33.
517 4364 669 4426 Pyreneus]
703 4365 782 4414 Some
789 4362 856 4429 fievy
869 4371 956 4427 tyrant
969 4361 1049 4428 (πῖρός
1061 4361 1126 4427 πῦρ).
1161 4360 1218 4409 The
1235 4359 1367 4409 character
1383 4371 1468 4408 soems
1485 4371 1519 4407 an
1536 4355 1668 4406 invention
1685 4355 1717 4406 of

353 4443 514 4507 Johnston's.

453 4541 493 4590 42.
513 4528 600 4579 Caeco
613 4529 690 4591 Deo]
724 4526 816 4591 cupid,
828 4542 858 4578 as
869 4526 926 4577 said
936 4535 964 4578 to
975 4526 1007 4577 be
1019 4525 1099 4576 blind.
