<?xml version="1.0" encoding="UTF-8"?>
<!DOCTYPE html PUBLIC "-//W3C//DTD XHTML 1.0 Transitional//EN"
    "http://www.w3.org/TR/xhtml1/DTD/xhtml1-transitional.dtd">
<html xmlns="http://www.w3.org/1999/xhtml" xml:lang="en" lang="en">
 <head>
  <title>
</title>
<meta http-equiv="Content-Type" content="text/html;charset=utf-8" />
  <meta name='ocr-system' content='tesseract 3.04.00' />
  <meta name='ocr-capabilities' content='ocr_page ocr_carea ocr_par ocr_line ocrx_word'/>
</head>
<body>
  <div class='ocr_page' id='page_1' title='image "./musalatinaaberd00leasgoog_0074.png"; bbox 0 0 4162 5842; ppageno 0'>
   <div class='ocr_carea' id='block_1_1' title="bbox 673 558 1438 627">
    <p class='ocr_par' dir='ltr' id='par_1_1' title="bbox 673 558 1438 627">
     <span class='ocr_line' id='line_1_1' title="bbox 673 558 1438 627; baseline 0.004 -5"><span class='ocrx_word' id='word_1_1' title='bbox 673 573 720 622; x_wconf 79' lang='grc' dir='ltr'>ΟΝ</span> <span class='ocrx_word' id='word_1_2' title='bbox 744 574 838 623; x_wconf 85' lang='lat' dir='ltr'>LADY</span> <span class='ocrx_word' id='word_1_3' title='bbox 861 558 1438 627; x_wconf 68' lang='lat' dir='ltr'>munnnnsus’suunn01osnlss.</span> 
     </span>
    </p>
   </div>
   <div class='ocr_carea' id='block_1_2' title="bbox 503 728 1427 1751">
    <p class='ocr_par' dir='ltr' id='par_1_2' title="bbox 505 728 1222 904">
     <span class='ocr_line' id='line_1_2' title="bbox 505 728 1155 812; baseline 0.009 -19"><span class='ocrx_word' id='word_1_4' title='bbox 505 728 551 794; x_wconf 88' lang='lat' dir='ltr'>Et</span> <span class='ocrx_word' id='word_1_5' title='bbox 567 730 759 796; x_wconf 90' lang='lat' dir='ltr'>tessellatos</span> <span class='ocrx_word' id='word_1_6' title='bbox 774 730 905 798; x_wconf 87' lang='lat' dir='ltr'>variata</span> <span class='ocrx_word' id='word_1_7' title='bbox 920 732 995 799; x_wconf 86' lang='lat' dir='ltr'>luce</span> <span class='ocrx_word' id='word_1_8' title='bbox 1009 731 1155 812; x_wconf 78' lang='lat' dir='ltr'>fritillos,</span> 
     </span>
     <span class='ocr_line' id='line_1_3' title="bbox 548 835 1222 904; baseline 0.006 -6"><span class='ocrx_word' id='word_1_9' title='bbox 548 835 594 898; x_wconf 90' lang='lat' dir='ltr'>Et</span> <span class='ocrx_word' id='word_1_10' title='bbox 612 835 735 900; x_wconf 87' lang='lat' dir='ltr'>Veneri</span> <span class='ocrx_word' id='word_1_11' title='bbox 752 857 866 902; x_wconf 88' lang='lat' dir='ltr'>sacras</span> <span class='ocrx_word' id='word_1_12' title='bbox 881 836 944 902; x_wconf 88' lang='lat' dir='ltr'>flos</span> <span class='ocrx_word' id='word_1_13' title='bbox 959 837 1115 904; x_wconf 91' lang='lat' dir='ltr'>imitatus</span> <span class='ocrx_word' id='word_1_14' title='bbox 1131 859 1222 904; x_wconf 88' lang='lat' dir='ltr'>aves.</span> 
     </span>
    </p>

    <p class='ocr_par' dir='ltr' id='par_1_3' title="bbox 503 936 1408 1234">
     <span class='ocr_line' id='line_1_4' title="bbox 503 936 1385 1027; baseline 0.008 -26"><span class='ocrx_word' id='word_1_15' title='bbox 503 936 635 1021; x_wconf 86' lang='lat' dir='ltr'>Quique</span> <span class='ocrx_word' id='word_1_16' title='bbox 652 937 874 1024; x_wconf 85' lang='lat' dir='ltr'>Therapnaeo</span> <span class='ocrx_word' id='word_1_17' title='bbox 890 940 996 1008; x_wconf 89' lang='lat' dir='ltr'>fertur</span> <span class='ocrx_word' id='word_1_18' title='bbox 1011 943 1052 1008; x_wconf 92' lang='lat' dir='ltr'>de</span> <span class='ocrx_word' id='word_1_19' title='bbox 1067 941 1233 1027; x_wconf 86' lang='lat' dir='ltr'>sanguine</span> <span class='ocrx_word' id='word_1_20' title='bbox 1249 940 1385 1021; x_wconf 87' lang='lat' dir='ltr'>cretus,</span> 
     </span>
     <span class='ocr_line' id='line_1_5' title="bbox 546 1042 1365 1130; baseline 0.006 -24"><span class='ocrx_word' id='word_1_21' title='bbox 546 1042 723 1127; x_wconf 88' lang='lat' dir='ltr'><strong>Quemque</strong></span> <span class='ocrx_word' id='word_1_22' title='bbox 739 1053 819 1109; x_wconf 89' lang='lat' dir='ltr'>tuus</span> <span class='ocrx_word' id='word_1_23' title='bbox 835 1044 946 1123; x_wconf 88' lang='lat' dir='ltr'>tinxit,</span> <span class='ocrx_word' id='word_1_24' title='bbox 963 1044 1104 1130; x_wconf 86' lang='lat' dir='ltr'><strong>pulcher</strong></span> <span class='ocrx_word' id='word_1_25' title='bbox 1118 1046 1240 1124; x_wconf 90' lang='lat' dir='ltr'>Adoni,</span> <span class='ocrx_word' id='word_1_26' title='bbox 1257 1067 1365 1112; x_wconf 90' lang='lat' dir='ltr'>cruor.</span> 
     </span>
     <span class='ocr_line' id='line_1_6' title="bbox 504 1143 1408 1234; baseline 0.008 -26"><span class='ocrx_word' id='word_1_27' title='bbox 504 1143 571 1210; x_wconf 93' lang='lat' dir='ltr'>Hic</span> <span class='ocrx_word' id='word_1_28' title='bbox 587 1145 659 1211; x_wconf 89' lang='lat' dir='ltr'>hiat</span> <span class='ocrx_word' id='word_1_29' title='bbox 676 1155 709 1211; x_wconf 94' lang='lat' dir='ltr'>et</span> <span class='ocrx_word' id='word_1_30' title='bbox 726 1146 899 1213; x_wconf 86' lang='lat' dir='ltr'>flammam</span> <span class='ocrx_word' id='word_1_31' title='bbox 915 1148 1035 1231; x_wconf 76' lang='lat' dir='ltr'>gelidis</span> <span class='ocrx_word' id='word_1_32' title='bbox 1050 1149 1108 1234; x_wconf 94' lang='lat' dir='ltr'>qui</span> <span class='ocrx_word' id='word_1_33' title='bbox 1119 1149 1222 1216; x_wconf 80' lang='lat' dir='ltr'>traxit</span> <span class='ocrx_word' id='word_1_34' title='bbox 1239 1152 1281 1216; x_wconf 87' lang='lat' dir='ltr'>ab</span> <span class='ocrx_word' id='word_1_35' title='bbox 1298 1149 1408 1227; x_wconf 90' lang='lat' dir='ltr'>undis,</span> 
     </span>
    </p>

    <p class='ocr_par' dir='ltr' id='par_1_4' title="bbox 504 1249 1340 1439">
     <span class='ocr_line' id='line_1_7' title="bbox 547 1249 1324 1337; baseline 0.006 -25"><span class='ocrx_word' id='word_1_36' title='bbox 547 1249 687 1332; x_wconf 93' lang='lat' dir='ltr'>Iamque</span> <span class='ocrx_word' id='word_1_37' title='bbox 703 1250 766 1327; x_wconf 88' lang='lat' dir='ltr'>sui,</span> <span class='ocrx_word' id='word_1_38' title='bbox 784 1251 880 1334; x_wconf 91' lang='lat' dir='ltr'>peius</span> <span class='ocrx_word' id='word_1_39' title='bbox 895 1273 996 1335; x_wconf 89' lang='lat' dir='ltr'>quam</span> <span class='ocrx_word' id='word_1_40' title='bbox 1012 1251 1117 1337; x_wconf 91' lang='lat' dir='ltr'>prius,</span> <span class='ocrx_word' id='word_1_41' title='bbox 1135 1253 1202 1318; x_wconf 91' lang='lat' dir='ltr'>urit</span> <span class='ocrx_word' id='word_1_42' title='bbox 1219 1273 1324 1319; x_wconf 87' lang='lat' dir='ltr'>amor.</span> 
     </span>
     <span class='ocr_line' id='line_1_8' title="bbox 504 1350 1340 1439; baseline 0.007 -23"><span class='ocrx_word' id='word_1_43' title='bbox 504 1353 594 1417; x_wconf 91' lang='lat' dir='ltr'>Pone</span> <span class='ocrx_word' id='word_1_44' title='bbox 611 1350 723 1431; x_wconf 91' lang='lat' dir='ltr'>simul,</span> <span class='ocrx_word' id='word_1_45' title='bbox 740 1375 825 1438; x_wconf 93' lang='lat' dir='ltr'>quos</span> <span class='ocrx_word' id='word_1_46' title='bbox 840 1353 948 1439; x_wconf 89' lang='lat' dir='ltr'>pinxit</span> <span class='ocrx_word' id='word_1_47' title='bbox 964 1376 1047 1421; x_wconf 91' lang='lat' dir='ltr'>acus</span> <span class='ocrx_word' id='word_1_48' title='bbox 1064 1355 1214 1434; x_wconf 89' lang='lat' dir='ltr'>Setonia,</span> <span class='ocrx_word' id='word_1_49' title='bbox 1231 1355 1340 1434; x_wconf 84' lang='lat' dir='ltr'>flores,</span> 
     </span>
    </p>

    <p class='ocr_par' dir='ltr' id='par_1_5' title="bbox 503 1455 1427 1647">
     <span class='ocr_line' id='line_1_9' title="bbox 546 1455 1314 1540; baseline 0.008 -21"><span class='ocrx_word' id='word_1_50' title='bbox 546 1455 592 1520; x_wconf 90' lang='lat' dir='ltr'>Et</span> <span class='ocrx_word' id='word_1_51' title='bbox 608 1477 693 1540; x_wconf 89' lang='lat' dir='ltr'>quos</span> <span class='ocrx_word' id='word_1_52' title='bbox 707 1478 785 1534; x_wconf 88' lang='lat' dir='ltr'>yere</span> <span class='ocrx_word' id='word_1_53' title='bbox 802 1478 889 1524; x_wconf 92' lang='lat' dir='ltr'>novo</span> <span class='ocrx_word' id='word_1_54' title='bbox 906 1458 1060 1524; x_wconf 87' lang='lat' dir='ltr'>Daedala</span> <span class='ocrx_word' id='word_1_55' title='bbox 1074 1457 1161 1524; x_wconf 88' lang='lat' dir='ltr'>fudit</span> <span class='ocrx_word' id='word_1_56' title='bbox 1178 1459 1314 1525; x_wconf 90' lang='lat' dir='ltr'>humus.</span> 
     </span>
     <span class='ocr_line' id='line_1_10' title="bbox 503 1559 1427 1647; baseline 0.004 -23"><span class='ocrx_word' id='word_1_57' title='bbox 503 1559 654 1626; x_wconf 87' lang='lat' dir='ltr'>Mentem</span> <span class='ocrx_word' id='word_1_58' title='bbox 671 1561 823 1646; x_wconf 91' lang='lat' dir='ltr'>quisquis</span> <span class='ocrx_word' id='word_1_59' title='bbox 839 1562 953 1640; x_wconf 90' lang='lat' dir='ltr'>babet,</span> <span class='ocrx_word' id='word_1_60' title='bbox 970 1562 1023 1628; x_wconf 92' lang='lat' dir='ltr'>vel</span> <span class='ocrx_word' id='word_1_61' title='bbox 1039 1584 1137 1629; x_wconf 89' lang='lat' dir='ltr'>veros</span> <span class='ocrx_word' id='word_1_62' title='bbox 1153 1563 1241 1630; x_wconf 92' lang='lat' dir='ltr'>iuret</span> <span class='ocrx_word' id='word_1_63' title='bbox 1258 1573 1427 1647; x_wconf 89' lang='lat' dir='ltr'>utrosque,</span> 
     </span>
    </p>

    <p class='ocr_par' dir='ltr' id='par_1_6' title="bbox 544 1665 1228 1751">
     <span class='ocr_line' id='line_1_11' title="bbox 544 1665 1228 1751; baseline 0.006 -22"><span class='ocrx_word' id='word_1_64' title='bbox 544 1666 606 1730; x_wconf 88' lang='lat' dir='ltr'>Vel</span> <span class='ocrx_word' id='word_1_65' title='bbox 623 1665 732 1750; x_wconf 88' lang='lat' dir='ltr'>pictos</span> <span class='ocrx_word' id='word_1_66' title='bbox 748 1687 815 1732; x_wconf 92' lang='lat' dir='ltr'>una</span> <span class='ocrx_word' id='word_1_67' title='bbox 832 1666 919 1732; x_wconf 90' lang='lat' dir='ltr'>iuret</span> <span class='ocrx_word' id='word_1_68' title='bbox 937 1677 1097 1751; x_wconf 88' lang='lat' dir='ltr'>utrosque</span> <span class='ocrx_word' id='word_1_69' title='bbox 1113 1688 1228 1733; x_wconf 90' lang='lat' dir='ltr'>manu.</span> 
     </span>
    </p>
   </div>
   <div class='ocr_carea' id='block_1_3' title="bbox 933 1835 1164 1902">
    <p class='ocr_par' dir='ltr' id='par_1_7' title="bbox 933 1835 1164 1902">
     <span class='ocr_line' id='line_1_12' title="bbox 933 1835 1164 1902; baseline 0.013 -20"><span class='ocrx_word' id='word_1_70' title='bbox 933 1837 965 1902; x_wconf 87' lang='lat'>3.</span> <span class='ocrx_word' id='word_1_71' title='bbox 990 1835 1164 1885; x_wconf 79' lang='lat' dir='ltr'>snocros.</span> 
     </span>
    </p>
   </div>
   <div class='ocr_carea' id='block_1_4' title="bbox 494 1938 1361 3583">
    <p class='ocr_par' dir='ltr' id='par_1_8' title="bbox 499 1938 1300 2128">
     <span class='ocr_line' id='line_1_13' title="bbox 499 1938 1300 2025; baseline 0.006 -23"><span class='ocrx_word' id='word_1_72' title='bbox 499 1938 653 2023; x_wconf 80' lang='lat' dir='ltr'>Adspicis</span> <span class='ocrx_word' id='word_1_73' title='bbox 669 1939 723 2005; x_wconf 94' lang='lat' dir='ltr'>hic</span> <span class='ocrx_word' id='word_1_74' title='bbox 739 1960 821 2005; x_wconf 92' lang='lat' dir='ltr'>auro</span> <span class='ocrx_word' id='word_1_75' title='bbox 837 1939 947 2025; x_wconf 88' lang='lat' dir='ltr'>pictos</span> <span class='ocrx_word' id='word_1_76' title='bbox 962 1950 996 2005; x_wconf 92' lang='lat' dir='ltr'>et</span> <span class='ocrx_word' id='word_1_77' title='bbox 1013 1940 1142 2007; x_wconf 88' lang='lat' dir='ltr'>murice</span> <span class='ocrx_word' id='word_1_78' title='bbox 1158 1940 1300 2020; x_wconf 83' lang='lat' dir='ltr'>fructus,</span> 
     </span>
     <span class='ocr_line' id='line_1_14' title="bbox 541 2042 1202 2128; baseline 0.005 -21"><span class='ocrx_word' id='word_1_79' title='bbox 541 2042 716 2128; x_wconf 81' lang='lat' dir='ltr'>&#39;sextaque</span> <span class='ocrx_word' id='word_1_80' title='bbox 733 2046 879 2110; x_wconf 88' lang='lat' dir='ltr'>Setonae</span> <span class='ocrx_word' id='word_1_81' title='bbox 894 2044 1072 2111; x_wconf 88' lang='lat' dir='ltr'>nobilitata</span> <span class='ocrx_word' id='word_1_82' title='bbox 1088 2066 1202 2110; x_wconf 89' lang='lat' dir='ltr'>manu.</span> 
     </span>
    </p>

    <p class='ocr_par' dir='ltr' id='par_1_9' title="bbox 499 2145 1263 2317">
     <span class='ocr_line' id='line_1_15' title="bbox 499 2145 1263 2233; baseline 0.007 -23"><span class='ocrx_word' id='word_1_83' title='bbox 499 2145 567 2211; x_wconf 92' lang='lat' dir='ltr'>Hic</span> <span class='ocrx_word' id='word_1_84' title='bbox 583 2146 805 2232; x_wconf 90' lang='lat' dir='ltr'>pellucidulae</span> <span class='ocrx_word' id='word_1_85' title='bbox 821 2157 959 2233; x_wconf 86' lang='lat' dir='ltr'>turgent</span> <span class='ocrx_word' id='word_1_86' title='bbox 975 2147 1009 2212; x_wconf 92' lang='lat' dir='ltr'>in</span> <span class='ocrx_word' id='word_1_87' title='bbox 1025 2148 1151 2215; x_wconf 90' lang='lat' dir='ltr'>vitibus</span> <span class='ocrx_word' id='word_1_88' title='bbox 1167 2170 1263 2227; x_wconf 89' lang='lat' dir='ltr'>uvae,</span> 
     </span>
     <span class='ocr_line' id='line_1_16' title="bbox 543 2250 1115 2317; baseline 0.003 -3"><span class='ocrx_word' id='word_1_89' title='bbox 543 2251 668 2317; x_wconf 92' lang='lat' dir='ltr'>Nativo</span> <span class='ocrx_word' id='word_1_90' title='bbox 683 2251 774 2316; x_wconf 92' lang='lat' dir='ltr'>iures</span> <span class='ocrx_word' id='word_1_91' title='bbox 791 2250 994 2317; x_wconf 86' lang='lat' dir='ltr'>intumuisse</span> <span class='ocrx_word' id='word_1_92' title='bbox 1010 2271 1115 2317; x_wconf 90' lang='lat' dir='ltr'>mero.</span> 
     </span>
    </p>

    <p class='ocr_par' dir='ltr' id='par_1_10' title="bbox 498 2355 1310 2544">
     <span class='ocr_line' id='line_1_17' title="bbox 498 2355 1310 2441; baseline 0.004 -22"><span class='ocrx_word' id='word_1_93' title='bbox 498 2355 646 2422; x_wconf 88' lang='lat' dir='ltr'>Palladis</span> <span class='ocrx_word' id='word_1_94' title='bbox 662 2356 717 2421; x_wconf 93' lang='lat' dir='ltr'>hic</span> <span class='ocrx_word' id='word_1_95' title='bbox 733 2356 842 2441; x_wconf 92' lang='lat' dir='ltr'>pictas</span> <span class='ocrx_word' id='word_1_96' title='bbox 858 2376 999 2439; x_wconf 92' lang='lat' dir='ltr'>operoso</span> <span class='ocrx_word' id='word_1_97' title='bbox 1014 2355 1161 2421; x_wconf 87' lang='lat' dir='ltr'>stamine</span> <span class='ocrx_word' id='word_1_98' title='bbox 1178 2357 1310 2436; x_wconf 88' lang='lat' dir='ltr'>baccas,</span> 
     </span>
     <span class='ocr_line' id='line_1_18' title="bbox 539 2458 1251 2544; baseline 0.003 -21"><span class='ocrx_word' id='word_1_99' title='bbox 539 2458 729 2544; x_wconf 85' lang='lat' dir='ltr'>Tinctaque</span> <span class='ocrx_word' id='word_1_100' title='bbox 746 2459 871 2527; x_wconf 87' lang='lat' dir='ltr'>Getulo</span> <span class='ocrx_word' id='word_1_101' title='bbox 887 2459 1014 2525; x_wconf 90' lang='lat' dir='ltr'>murice</span> <span class='ocrx_word' id='word_1_102' title='bbox 1029 2480 1131 2544; x_wconf 87' lang='lat' dir='ltr'>poma</span> <span class='ocrx_word' id='word_1_103' title='bbox 1146 2459 1251 2526; x_wconf 90' lang='lat' dir='ltr'>vides.</span> 
     </span>
    </p>

    <p class='ocr_par' dir='ltr' id='par_1_11' title="bbox 497 2561 1324 2752">
     <span class='ocr_line' id='line_1_19' title="bbox 497 2561 1324 2649; baseline 0.002 -22"><span class='ocrx_word' id='word_1_104' title='bbox 497 2563 543 2628; x_wconf 88' lang='lat' dir='ltr'>Et</span> <span class='ocrx_word' id='word_1_105' title='bbox 559 2562 733 2629; x_wconf 87' lang='lat' dir='ltr'>defaecato</span> <span class='ocrx_word' id='word_1_106' title='bbox 749 2563 871 2649; x_wconf 89' lang='lat' dir='ltr'>quibus</span> <span class='ocrx_word' id='word_1_107' title='bbox 887 2573 939 2629; x_wconf 88' lang='lat' dir='ltr'>est</span> <span class='ocrx_word' id='word_1_108' title='bbox 954 2561 1046 2628; x_wconf 91' lang='lat' dir='ltr'>color</span> <span class='ocrx_word' id='word_1_109' title='bbox 1061 2563 1215 2629; x_wconf 87' lang='lat' dir='ltr'>aemulus</span> <span class='ocrx_word' id='word_1_110' title='bbox 1231 2584 1324 2642; x_wconf 89' lang='lat' dir='ltr'>auro,</span> 
     </span>
     <span class='ocr_line' id='line_1_20' title="bbox 541 2665 1253 2752; baseline 0.004 -22"><span class='ocrx_word' id='word_1_111' title='bbox 541 2667 586 2731; x_wconf 89' lang='lat' dir='ltr'>Et</span> <span class='ocrx_word' id='word_1_112' title='bbox 603 2689 689 2751; x_wconf 93' lang='lat' dir='ltr'>quae</span> <span class='ocrx_word' id='word_1_113' title='bbox 704 2666 845 2752; x_wconf 86' lang='lat' dir='ltr'>virginei</span> <span class='ocrx_word' id='word_1_114' title='bbox 861 2666 959 2751; x_wconf 84' lang='lat' dir='ltr'>signa</span> <span class='ocrx_word' id='word_1_115' title='bbox 975 2665 1102 2732; x_wconf 89' lang='lat' dir='ltr'>cruoris</span> <span class='ocrx_word' id='word_1_116' title='bbox 1118 2667 1253 2733; x_wconf 90' lang='lat' dir='ltr'>habent.</span> 
     </span>
    </p>

    <p class='ocr_par' dir='ltr' id='par_1_12' title="bbox 497 2770 1348 2959">
     <span class='ocr_line' id='line_1_21' title="bbox 497 2770 1348 2856; baseline 0.001 -22"><span class='ocrx_word' id='word_1_117' title='bbox 497 2771 543 2835; x_wconf 89' lang='lat' dir='ltr'>Et</span> <span class='ocrx_word' id='word_1_118' title='bbox 558 2770 683 2836; x_wconf 91' lang='lat' dir='ltr'>cerasis</span> <span class='ocrx_word' id='word_1_119' title='bbox 698 2771 771 2856; x_wconf 92' lang='lat' dir='ltr'>pira</span> <span class='ocrx_word' id='word_1_120' title='bbox 786 2770 892 2836; x_wconf 89' lang='lat' dir='ltr'>mixta</span> <span class='ocrx_word' id='word_1_121' title='bbox 908 2771 1028 2849; x_wconf 86' lang='lat' dir='ltr'>nitent,</span> <span class='ocrx_word' id='word_1_122' title='bbox 1045 2780 1125 2836; x_wconf 90' lang='lat' dir='ltr'>sunt</span> <span class='ocrx_word' id='word_1_123' title='bbox 1141 2770 1199 2836; x_wconf 87' lang='lat' dir='ltr'>illa</span> <span class='ocrx_word' id='word_1_124' title='bbox 1215 2770 1348 2837; x_wconf 91' lang='lat' dir='ltr'>labellis</span> 
     </span>
     <span class='ocr_line' id='line_1_22' title="bbox 538 2872 1294 2959; baseline 0.003 -21"><span class='ocrx_word' id='word_1_125' title='bbox 538 2873 697 2952; x_wconf 90' lang='lat' dir='ltr'>Artificis,</span> <span class='ocrx_word' id='word_1_126' title='bbox 713 2884 795 2939; x_wconf 90' lang='lat' dir='ltr'>sunt</span> <span class='ocrx_word' id='word_1_127' title='bbox 811 2875 895 2940; x_wconf 91' lang='lat' dir='ltr'>haec</span> <span class='ocrx_word' id='word_1_128' title='bbox 911 2873 1046 2940; x_wconf 88' lang='lat' dir='ltr'>aemula</span> <span class='ocrx_word' id='word_1_129' title='bbox 1062 2894 1164 2959; x_wconf 89' lang='lat' dir='ltr'>poma</span> <span class='ocrx_word' id='word_1_130' title='bbox 1179 2872 1294 2940; x_wconf 88' lang='lat' dir='ltr'>comis</span> 
     </span>
    </p>

    <p class='ocr_par' dir='ltr' id='par_1_13' title="bbox 495 2976 1361 3166">
     <span class='ocr_line' id='line_1_23' title="bbox 495 2976 1361 3062; baseline 0.001 -21"><span class='ocrx_word' id='word_1_131' title='bbox 495 2977 615 3043; x_wconf 88' lang='lat' dir='ltr'>Cernis</span> <span class='ocrx_word' id='word_1_132' title='bbox 630 2987 664 3043; x_wconf 93' lang='lat' dir='ltr'>et</span> <span class='ocrx_word' id='word_1_133' title='bbox 681 2977 866 3044; x_wconf 88' lang='lat' dir='ltr'>Heliadum</span> <span class='ocrx_word' id='word_1_134' title='bbox 883 2976 1041 3044; x_wconf 86' lang='lat' dir='ltr'>lacrimas</span> <span class='ocrx_word' id='word_1_135' title='bbox 1056 2976 1227 3045; x_wconf 88' lang='lat' dir='ltr'>imitantia</span> <span class='ocrx_word' id='word_1_136' title='bbox 1242 2998 1361 3062; x_wconf 91' lang='lat' dir='ltr'>pruna,</span> 
     </span>
     <span class='ocr_line' id='line_1_24' title="bbox 537 3081 1339 3166; baseline 0 -19"><span class='ocrx_word' id='word_1_137' title='bbox 537 3081 705 3166; x_wconf 87' lang='lat' dir='ltr'>Quicquid</span> <span class='ocrx_word' id='word_1_138' title='bbox 721 3092 754 3147; x_wconf 92' lang='lat' dir='ltr'>et</span> <span class='ocrx_word' id='word_1_139' title='bbox 770 3082 902 3148; x_wconf 87' lang='lat' dir='ltr'>Alcinoi</span> <span class='ocrx_word' id='word_1_140' title='bbox 918 3081 1004 3147; x_wconf 88' lang='lat' dir='ltr'>silva</span> <span class='ocrx_word' id='word_1_141' title='bbox 1020 3081 1072 3148; x_wconf 91' lang='lat' dir='ltr'>vel</span> <span class='ocrx_word' id='word_1_142' title='bbox 1089 3082 1209 3147; x_wconf 92' lang='lat' dir='ltr'>hortus</span> <span class='ocrx_word' id='word_1_143' title='bbox 1225 3081 1339 3148; x_wconf 85' lang='lat' dir='ltr'>habet.</span> 
     </span>
    </p>

    <p class='ocr_par' dir='ltr' id='par_1_14' title="bbox 494 3183 1229 3375">
     <span class='ocr_line' id='line_1_25' title="bbox 494 3183 1229 3270; baseline 0.003 -23"><span class='ocrx_word' id='word_1_144' title='bbox 494 3185 618 3249; x_wconf 86' lang='lat' dir='ltr'>Zeuxis</span> <span class='ocrx_word' id='word_1_145' title='bbox 633 3207 714 3250; x_wconf 90' lang='lat' dir='ltr'>aves</span> <span class='ocrx_word' id='word_1_146' title='bbox 729 3184 829 3270; x_wconf 91' lang='lat' dir='ltr'>pictis</span> <span class='ocrx_word' id='word_1_147' title='bbox 844 3184 968 3250; x_wconf 90' lang='lat' dir='ltr'>delusit</span> <span class='ocrx_word' id='word_1_148' title='bbox 985 3183 1127 3250; x_wconf 92' lang='lat' dir='ltr'>callidus</span> <span class='ocrx_word' id='word_1_149' title='bbox 1144 3185 1229 3262; x_wconf 91' lang='lat' dir='ltr'>uvis,</span> 
     </span>
     <span class='ocr_line' id='line_1_26' title="bbox 538 3288 1138 3375; baseline 0 -22"><span class='ocrx_word' id='word_1_150' title='bbox 538 3290 681 3355; x_wconf 92' lang='lat' dir='ltr'>Pictoris</span> <span class='ocrx_word' id='word_1_151' title='bbox 696 3290 804 3375; x_wconf 92' lang='lat' dir='ltr'>pictor</span> <span class='ocrx_word' id='word_1_152' title='bbox 819 3290 913 3355; x_wconf 91' lang='lat' dir='ltr'>lusus</span> <span class='ocrx_word' id='word_1_153' title='bbox 929 3299 963 3355; x_wconf 90' lang='lat' dir='ltr'>et</span> <span class='ocrx_word' id='word_1_154' title='bbox 979 3299 1051 3355; x_wconf 93' lang='lat' dir='ltr'>arte</span> <span class='ocrx_word' id='word_1_155' title='bbox 1066 3288 1138 3355; x_wconf 85' lang='lat' dir='ltr'>fuit.</span> 
     </span>
    </p>

    <p class='ocr_par' dir='ltr' id='par_1_15' title="bbox 495 3392 1360 3583">
     <span class='ocr_line' id='line_1_27' title="bbox 495 3392 1360 3478; baseline 0.001 -22"><span class='ocrx_word' id='word_1_156' title='bbox 495 3392 561 3459; x_wconf 92' lang='lat' dir='ltr'>Hic</span> <span class='ocrx_word' id='word_1_157' title='bbox 578 3416 649 3472; x_wconf 88' lang='lat' dir='ltr'>sua,</span> <span class='ocrx_word' id='word_1_158' title='bbox 665 3394 693 3459; x_wconf 90' lang='lat' dir='ltr'>si</span> <span class='ocrx_word' id='word_1_159' title='bbox 708 3395 856 3472; x_wconf 88' lang='lat' dir='ltr'>videant,</span> <span class='ocrx_word' id='word_1_160' title='bbox 875 3395 1061 3460; x_wconf 89' lang='lat' dir='ltr'>Pomonam</span> <span class='ocrx_word' id='word_1_161' title='bbox 1078 3413 1190 3478; x_wconf 92' lang='lat' dir='ltr'>poma,</span> <span class='ocrx_word' id='word_1_162' title='bbox 1208 3395 1360 3478; x_wconf 92' lang='lat' dir='ltr'>Lyaeum</span> 
     </span>
     <span class='ocr_line' id='line_1_28' title="bbox 537 3497 1227 3583; baseline 0.003 -22"><span class='ocrx_word' id='word_1_163' title='bbox 537 3497 656 3577; x_wconf 87' lang='lat' dir='ltr'>Vinea,</span> <span class='ocrx_word' id='word_1_164' title='bbox 674 3498 872 3583; x_wconf 87' lang='lat' dir='ltr'>Cecropiam</span> <span class='ocrx_word' id='word_1_165' title='bbox 888 3498 982 3564; x_wconf 83' lang='lat' dir='ltr'>fallet</span> <span class='ocrx_word' id='word_1_166' title='bbox 999 3497 1088 3564; x_wconf 91' lang='lat' dir='ltr'>oliva</span> <span class='ocrx_word' id='word_1_167' title='bbox 1105 3499 1227 3563; x_wconf 91' lang='lat' dir='ltr'>Deam.</span> 
     </span>
    </p>
   </div>
   <div class='ocr_carea' id='block_1_5' title="bbox 948 3673 1133 3739">
    <p class='ocr_par' dir='ltr' id='par_1_16' title="bbox 948 3673 1133 3739">
     <span class='ocr_line' id='line_1_29' title="bbox 948 3673 1133 3739; baseline 0.005 -19"><span class='ocrx_word' id='word_1_168' title='bbox 948 3676 980 3739; x_wconf 87' lang='lat'>4.</span> <span class='ocrx_word' id='word_1_169' title='bbox 1005 3673 1133 3721; x_wconf 73' lang='lat' dir='ltr'>sunus.</span> 
     </span>
    </p>
   </div>
   <div class='ocr_carea' id='block_1_6' title="bbox 492 3770 1718 4176">
    <p class='ocr_par' dir='ltr' id='par_1_17' title="bbox 492 3770 1718 4176">
     <span class='ocr_line' id='line_1_30' title="bbox 492 3770 1373 3862; baseline 0.003 -23"><span class='ocrx_word' id='word_1_170' title='bbox 492 3775 559 3839; x_wconf 91' lang='lat' dir='ltr'>Hic</span> <span class='ocrx_word' id='word_1_171' title='bbox 575 3797 656 3841; x_wconf 91' lang='lat' dir='ltr'>auro</span> <span class='ocrx_word' id='word_1_172' title='bbox 672 3775 840 3861; x_wconf 85' lang='lat' dir='ltr'>Tyrioque</span> <span class='ocrx_word' id='word_1_173' title='bbox 856 3776 965 3842; x_wconf 89' lang='lat' dir='ltr'>nitent</span> <span class='ocrx_word' id='word_1_174' title='bbox 982 3777 1144 3862; x_wconf 88' lang='lat' dir='ltr'>bombyce</span> <span class='ocrx_word' id='word_1_175' title='bbox 1160 3776 1305 3843; x_wconf 79' lang='lat' dir='ltr'>serarum</span> <span class='ocrx_word' id='word_1_176' title='bbox 1372 3770 1373 3773; x_wconf 50' lang='lat'>&#39;</span> 
     </span>
     <span class='ocr_line' id='line_1_31' title="bbox 534 3879 1341 3966; baseline 0.004 -23"><span class='ocrx_word' id='word_1_177' title='bbox 534 3880 690 3964; x_wconf 80' lang='lat' dir='ltr'>Agmina,</span> <span class='ocrx_word' id='word_1_178' title='bbox 708 3879 959 3965; x_wconf 84' lang='lat' dir='ltr'>Grampigenae</span> <span class='ocrx_word' id='word_1_179' title='bbox 973 3879 1112 3966; x_wconf 90' lang='lat' dir='ltr'>cuspide</span> <span class='ocrx_word' id='word_1_180' title='bbox 1127 3881 1219 3965; x_wconf 90' lang='lat' dir='ltr'>picta</span> <span class='ocrx_word' id='word_1_181' title='bbox 1236 3882 1341 3947; x_wconf 89' lang='lat' dir='ltr'>Deae.</span> 
     </span>
     <span class='ocr_line' id='line_1_32' title="bbox 492 3984 1394 4070; baseline 0.003 -23"><span class='ocrx_word' id='word_1_182' title='bbox 492 3984 558 4049; x_wconf 92' lang='lat' dir='ltr'>Hic</span> <span class='ocrx_word' id='word_1_183' title='bbox 575 3985 721 4067; x_wconf 91' lang='lat' dir='ltr'>leporem</span> <span class='ocrx_word' id='word_1_184' title='bbox 738 3996 887 4052; x_wconf 88' lang='lat' dir='ltr'>sectatur</span> <span class='ocrx_word' id='word_1_185' title='bbox 901 3984 1000 4051; x_wconf 89' lang='lat' dir='ltr'>hians</span> <span class='ocrx_word' id='word_1_186' title='bbox 1015 3995 1049 4051; x_wconf 92' lang='lat' dir='ltr'>et</span> <span class='ocrx_word' id='word_1_187' title='bbox 1064 3984 1229 4070; x_wconf 89' lang='lat' dir='ltr'>prensitat</span> <span class='ocrx_word' id='word_1_188' title='bbox 1247 3986 1394 4062; x_wconf 87' lang='lat' dir='ltr'>Umber;</span> 
     </span>
     <span class='ocr_line' id='line_1_33' title="bbox 535 4089 1718 4176; baseline -0.002 -23"><span class='ocrx_word' id='word_1_189' title='bbox 535 4089 602 4154; x_wconf 93' lang='lat' dir='ltr'>Hic</span> <span class='ocrx_word' id='word_1_190' title='bbox 618 4089 705 4156; x_wconf 90' lang='lat' dir='ltr'>iacet</span> <span class='ocrx_word' id='word_1_191' title='bbox 722 4091 812 4156; x_wconf 87' lang='lat' dir='ltr'>haud</span> <span class='ocrx_word' id='word_1_192' title='bbox 829 4111 897 4156; x_wconf 92' lang='lat' dir='ltr'>uno</span> <span class='ocrx_word' id='word_1_193' title='bbox 913 4091 1050 4157; x_wconf 89' lang='lat' dir='ltr'>vulnere</span> <span class='ocrx_word' id='word_1_194' title='bbox 1065 4089 1176 4157; x_wconf 87' lang='lat' dir='ltr'>fossus</span> <span class='ocrx_word' id='word_1_195' title='bbox 1192 4111 1283 4176; x_wconf 87' lang='lat' dir='ltr'>aper.</span> <span class='ocrx_word' id='word_1_196' title='bbox 1676 4103 1718 4170; x_wconf 85' lang='lat'>50</span> 
     </span>
    </p>
   </div>
   <div class='ocr_carea' id='block_1_7' title="bbox 359 4253 1718 4567">
    <p class='ocr_par' dir='ltr' id='par_1_18' title="bbox 359 4253 1718 4401">
     <span class='ocr_line' id='line_1_34' title="bbox 505 4253 1718 4324; baseline -0.002 -18"><span class='ocrx_word' id='word_1_197' title='bbox 505 4272 545 4307; x_wconf 85' lang='lat'>21.</span> <span class='ocrx_word' id='word_1_198' title='bbox 564 4258 698 4321; x_wconf 84' lang='lat' dir='ltr'>Fritillos.]</span> <span class='ocrx_word' id='word_1_199' title='bbox 739 4259 797 4309; x_wconf 85' lang='lat' dir='ltr'>The</span> <span class='ocrx_word' id='word_1_200' title='bbox 816 4257 903 4309; x_wconf 84' lang='lat' dir='ltr'>flowcr</span> <span class='ocrx_word' id='word_1_201' title='bbox 924 4258 1053 4324; x_wconf 84' lang='lat' dir='ltr'>Fritillary</span> <span class='ocrx_word' id='word_1_202' title='bbox 1072 4274 1157 4310; x_wconf 83' lang='lat' dir='ltr'>seems</span> <span class='ocrx_word' id='word_1_203' title='bbox 1173 4256 1276 4309; x_wconf 80' lang='lat' dir='ltr'>slludcd</span> <span class='ocrx_word' id='word_1_204' title='bbox 1293 4267 1329 4316; x_wconf 87' lang='lat' dir='ltr'>to,</span> <span class='ocrx_word' id='word_1_205' title='bbox 1349 4257 1396 4308; x_wconf 84' lang='lat' dir='ltr'>but</span> <span class='ocrx_word' id='word_1_206' title='bbox 1415 4257 1459 4307; x_wconf 84' lang='lat' dir='ltr'>the</span> <span class='ocrx_word' id='word_1_207' title='bbox 1477 4253 1645 4320; x_wconf 74' lang='lat' dir='ltr'>punctuation</span> <span class='ocrx_word' id='word_1_208' title='bbox 1665 4253 1718 4304; x_wconf 86' lang='lat' dir='ltr'>snd</span> 
     </span>
     <span class='ocr_line' id='line_1_35' title="bbox 359 4318 1605 4401; baseline 0.006 -15"><span class='ocrx_word' id='word_1_209' title='bbox 359 4345 452 4401; x_wconf 79' lang='lat' dir='ltr'>syntax</span> <span class='ocrx_word' id='word_1_210' title='bbox 463 4352 508 4388; x_wconf 77' lang='lat' dir='ltr'>are</span> <span class='ocrx_word' id='word_1_211' title='bbox 518 4338 636 4389; x_wconf 85' lang='lat' dir='ltr'>obscure.</span> <span class='ocrx_word' id='word_1_212' title='bbox 1600 4318 1605 4363; x_wconf 60' lang='grc' dir='ltr'>Ι</span> 
     </span>
    </p>

    <p class='ocr_par' dir='ltr' id='par_1_19' title="bbox 504 4415 1597 4486">
     <span class='ocr_line' id='line_1_36' title="bbox 504 4415 1597 4486; baseline -0.002 -17"><span class='ocrx_word' id='word_1_213' title='bbox 504 4433 571 4482; x_wconf 78' lang='lat'>23-5.</span> <span class='ocrx_word' id='word_1_214' title='bbox 589 4419 783 4485; x_wconf 76' lang='lat' dir='ltr'>Therapnaeo]</span> <span class='ocrx_word' id='word_1_215' title='bbox 815 4419 873 4471; x_wconf 78' lang='lat' dir='ltr'>&#39;l&#39;he</span> <span class='ocrx_word' id='word_1_216' title='bbox 884 4421 993 4486; x_wconf 72' lang='lat' dir='ltr'>legsnds</span> <span class='ocrx_word' id='word_1_217' title='bbox 1003 4422 1034 4474; x_wconf 80' lang='lat' dir='ltr'>ol</span> <span class='ocrx_word' id='word_1_218' title='bbox 1041 4421 1086 4471; x_wconf 86' lang='lat' dir='ltr'>the</span> <span class='ocrx_word' id='word_1_219' title='bbox 1097 4419 1194 4485; x_wconf 81' lang='lat' dir='ltr'>youths</span> <span class='ocrx_word' id='word_1_220' title='bbox 1206 4416 1374 4482; x_wconf 81' lang='lat' dir='ltr'>Hyacinthus</span> <span class='ocrx_word' id='word_1_221' title='bbox 1385 4415 1437 4467; x_wconf 85' lang='lat' dir='ltr'>snd</span> <span class='ocrx_word' id='word_1_222' title='bbox 1450 4415 1597 4471; x_wconf 71' lang='lat' dir='ltr'>Narcissus.</span> 
     </span>
    </p>

    <p class='ocr_par' dir='ltr' id='par_1_20' title="bbox 502 4498 1347 4567">
     <span class='ocr_line' id='line_1_37' title="bbox 502 4498 1347 4567; baseline -0.005 -16"><span class='ocrx_word' id='word_1_223' title='bbox 502 4516 540 4563; x_wconf 83' lang='lat'>49.</span> <span class='ocrx_word' id='word_1_224' title='bbox 563 4502 682 4564; x_wconf 86' lang='lat' dir='ltr'>Umber.]</span> <span class='ocrx_word' id='word_1_225' title='bbox 716 4502 824 4567; x_wconf 74' lang='lat' dir='ltr'>Figures</span> <span class='ocrx_word' id='word_1_226' title='bbox 835 4501 860 4551; x_wconf 90' lang='lat' dir='ltr'>in</span> <span class='ocrx_word' id='word_1_227' title='bbox 872 4501 955 4567; x_wconf 77' lang='lat' dir='ltr'>Virgil</span> <span class='ocrx_word' id='word_1_228' title='bbox 966 4517 996 4552; x_wconf 82' lang='lat' dir='ltr'>as</span> <span class='ocrx_word' id='word_1_229' title='bbox 1007 4517 1024 4551; x_wconf 90' lang='lat' dir='ltr'>a</span> <span class='ocrx_word' id='word_1_230' title='bbox 1034 4516 1111 4552; x_wconf 79' lang='lat' dir='ltr'>name</span> <span class='ocrx_word' id='word_1_231' title='bbox 1122 4501 1161 4551; x_wconf 82' lang='lat' dir='ltr'>tor</span> <span class='ocrx_word' id='word_1_232' title='bbox 1172 4515 1189 4549; x_wconf 90' lang='lat' dir='ltr'>a</span> <span class='ocrx_word' id='word_1_233' title='bbox 1200 4504 1216 4528; x_wconf 79' lang='lat'>⁸·</span> <span class='ocrx_word' id='word_1_234' title='bbox 1225 4498 1314 4549; x_wconf 88' lang='lat' dir='ltr'>bound</span> <span class='ocrx_word' id='word_1_235' title='bbox 1322 4498 1347 4547; x_wconf 88' lang='lat'>”.</span> 
     </span>
    </p>
   </div>
   <div class='ocr_carea' id='block_1_8' title="bbox 0 0 2086 5842">
    <p class='ocr_par' dir='ltr' id='par_1_21' title="bbox 0 0 2086 5842">
     <span class='ocr_line' id='line_1_38' title="bbox 0 0 2086 5842; baseline 0 7"><span class='ocrx_word' id='word_1_236' title='bbox 0 0 2086 5842; x_wconf 95' lang='lat' dir='ltr'> </span> 
     </span>
    </p>
   </div>
  </div>
 </body>
</html>
