4162 5842
1060 578 1330 629 arturianum.

518 1626 611 1691 CVI.
637 1625 703 1688 DE
729 1623 956 1690 POEMA'I'E
980 1624 1130 1689 snctto
1154 1623 1385 1688 ANDREAE
1411 1620 1621 1686 RAMSAEI
1645 1615 1873 1683 PASTORIS

991 1743 1403 1809 EDINBURGENSIS.

645 1983 709 2049 Cui
726 1983 886 2049 blandum
903 1981 1070 2066 aspiciens
1086 1984 1239 2048 nascenti
1256 1982 1328 2047 risit
1348 1982 1478 2067 Apollo,

690 2088 867 2172 Doctaque
884 2088 1034 2153 Castalio
1049 2087 1172 2171 proluit
1189 2109 1247 2153 ora
1263 2089 1359 2163 lacu;

644 2192 711 2255 Aut
728 2190 810 2256 levis
827 2191 999 2257 incautam
1015 2213 1113 2256 versu
1134 2191 1253 2256 lenone
1270 2192 1441 2257 iuventam

687 2296 728 2360 In
745 2295 887 2361 Veneris
903 2317 1017 2361 casses
1032 2295 1237 2379 insidiasque
1256 2296 1360 2361 trahit
1374 2319 1382 2372 ;

644 2398 712 2463 Aut
728 2400 816 2464 bona
831 2398 965 2465 vesanis
981 2399 1180 2483 impendens
1195 2398 1264 2464 otia
1280 2399 1375 2464 bellis

688 2502 813 2581 Saevit,
830 2513 863 2569 et
880 2502 1006 2568 Aonias
1022 2504 1186 2587 sanguine
1201 2504 1313 2569 foedat
1329 2525 1446 2586 aquas.

644 2602 764 2687 Spreta
779 2604 865 2670 iacet
882 2605 1010 2690 pietas3
1034 2616 1093 2670 aut
1109 2606 1137 2670 si
1154 2628 1252 2689 quern
1269 2608 1353 2672 sorte
1369 2616 1503 2691 poetam

688 2706 858 2790 Repperit,
876 2707 954 2772 huic
971 2707 1102 2772 miseris
1117 2709 1234 2774 stridet
1250 2730 1357 2775 avena
1372 2709 1492 2774 modis.

644 2811 832 2875 Ramsaeus
847 2812 1021 2896 scopulum
1039 2813 1187 2896 prudens
1205 2813 1349 2878 declinat
1370 2822 1560 2897 utrumque,

688 2912 865 2997 Dignaque
881 2915 939 2979 dat
958 2915 1067 2979 Musis
1081 2915 1242 2991 carmina,
1260 2916 1360 2999 digna
1379 2917 1463 2982 Deo.

644 3014 711 3080 Hic
728 3014 805 3099 iuga
824 3017 983 3082 Parnassi
1000 3027 1120 3082 coeunt
1137 3039 1214 3081 cum
1232 3040 1313 3102 rupe
1331 3019 1454 3097 Sionis,

687 3119 860 3204 Mixtaque
879 3120 1013 3185 Iordani
1031 3121 1178 3187 Castalis
1195 3124 1286 3188 unda
1304 3122 1389 3187 fluit.

632 3372 654 3407 1.
674 3359 798 3408 Nascenti
810 3360 887 3423 risit]
920 3360 997 3410 From
1011 3362 1136 3411 Horace's
1149 3362 1277 3412 immortal
1290 3363 1398 3427 “Quem
1410 3372 1438 3411 tu
1452 3362 1616 3426 Melpomene
1624 3363 1646 3411 ”.

631 3453 654 3501 7.
674 3440 765 3503 Spreta
777 3441 843 3490 iacet
854 3442 945 3506 pietas,
958 3447 1020 3506 ern]
1052 3445 1067 3492 1
1070 3460 1107 3500 .ι·.,
1120 3443 1154 3507 by
1169 3454 1252 3507 poeta.
1287 3448 1414 3509 Compare
1433 3446 1476 3494 Dr.
1493 3445 1633 3508 Johnson'a
1645 3444 1746 3493 famous
1759 3443 1869 3501 remark,

513 3530 584 3646 alin?
592 3517 709 3581 justified
721 3522 746 3568 in
759 3521 798 3569 hin
810 3523 872 3573 time
885 3525 947 3575 than
961 3526 986 3574 in
999 3541 1068 3584 ouis,
1081 3542 1109 3575 as
1122 3537 1149 3576 to
1158 3527 1202 3575 the
1214 3537 1320 3591 poverty
1331 3527 1362 3576 οἰ
1370 3527 1528 3591 hymnology
1540 3527 1604 3576 froin
1617 3526 1661 3575 the
1678 3526 1783 3591 liternry
1796 3527 1869 3591 point

512 3612 529 3647 ο
550 3612 623 3649 view·
