4162 5842
972 564 1133 613 panorm
1158 549 1437 625 (surrussusur).

876 721 984 788 CLII.
1031 740 1060 785 1.
1088 719 1313 785 MINERVA
1336 720 1536 785 VENERI.

660 906 808 974 Palladis
823 906 908 973 haec
923 928 1046 973 manus
1061 916 1132 972 est:
1160 906 1323 991 scriptum
1340 928 1493 990 percurre
1510 906 1645 985 sororis,

705 1011 793 1076 Diva
810 1010 932 1096 Cypri;
956 1022 1098 1096 possunt
1115 1011 1247 1076 hostica
1261 1012 1363 1075 verba
1379 1010 1455 1094 legi.

661 1117 750 1179 Aure
766 1114 880 1180 trahat
896 1124 998 1180 natus
1013 1124 1051 1180 tu
1068 1136 1153 1199 quae
1170 1114 1272 1198 legis;
1297 1113 1398 1178 unius
1419 1115 1538 1179 ambos

704 1215 864 1282 Criminis
880 1216 1055 1282 insimulat
1072 1216 1184 1281 littera
1200 1227 1316 1281 nostra
1332 1237 1416 1280 reos.

661 1321 738 1384 Non
756 1319 837 1384 mihi
854 1320 1040 1404 praelatam
1056 1319 1184 1385 trutina
1200 1319 1347 1404 pastoris
1363 1319 1467 1403 iniqui

703 1423 753 1489 Te
770 1445 899 1508 queror,
917 1423 981 1488 hoc
997 1423 1117 1489 coniux
1134 1433 1184 1487 est
1203 1422 1293 1487 Iovis
1309 1422 1381 1486 ulta
1398 1422 1504 1501 nefas,

662 1527 789 1595 Oscula
805 1548 867 1592 nec
886 1526 1016 1603 Martis,
1033 1547 1094 1591 nec
1111 1546 1198 1608 quae
1214 1525 1274 1590 tibi
1290 1525 1362 1589 lixit
1378 1524 1507 1589 Adonis

703 1630 890 1696 Criminor:
923 1629 1038 1694 ulcisci
1054 1629 1105 1694 vir
1119 1639 1199 1693 tuus
1215 1628 1272 1693 illa
1288 1638 1409 1712 potest.

663 1735 735 1800 Nec
751 1734 883 1800 Cnidon
899 1733 1033 1798 invideo
1048 1733 1120 1810 tibi,
1137 1733 1189 1797 vel
1209 1734 1348 1816 Paphon
1365 1754 1510 1816 aequore
1525 1731 1672 1797 cinctam
1687 1753 1695 1809 ;

705 1840 766 1903 Sat
783 1838 865 1902 mihi
882 1837 1016 1903 sublimi
1034 1837 1192 1921 Cecropis
1208 1859 1284 1902 arce
1300 1836 1373 1902 lrui.

661 1943 739 2008 Vim
756 1964 877 2027 queror
892 1943 1033 2020 illatam,
1048 1942 1240 2025 violataque
1257 1941 1339 2016 iura,
1354 1951 1511 2025 tuasque,

704 2048 769 2111 Per
784 2047 904 2123 scelus,
923 2047 1065 2113 iniectas
1078 2047 1111 2112 in
1129 2068 1204 2111 mea
1220 2057 1332 2111 castra
1351 2046 1453 2111 laces

647 2154 772 2236 Quam
789 2150 871 2214 mihi
889 2150 1001 2233 selegi,
1017 2161 1053 2215 tu
1070 2150 1227 2214 flammas
1242 2151 1343 2214 corda
1360 2149 1526 2228 iuventae,

704 2255 812 2336 Inque
829 2275 922 2318 meos
940 2263 1069 2338 mystas
1085 2253 1215 2336 spicula
1230 2253 1338 2318 vibrat
1356 2256 1470 2317 Amor.

660 2359 754 2424 Gens
770 2357 903 2422 addicta
920 2357 1002 2421 mihi
1020 2357 1123 2441 prius,
1141 2367 1173 2421 et
1191 2358 1312 2421 devota
1332 2356 1501 2432 Camenis,

704 2461 863 2544 Invigilat
880 2462 1001 2527 castris
1018 2483 1117 2538 nunc,
1136 2460 1295 2545 Erycina,
1312 2460 1389 2525 tuis.

660 2564 747 2627 Ante
764 2574 864 2646 caput
882 2564 1024 2640 laurum,
1040 2586 1130 2628 nunc
1145 2563 1234 2627 velat
1252 2572 1405 2645 tempora
1422 2572 1541 2647 myrto,

702 2665 912 2750 Templaque
930 2668 1109 2743 Pieridum,
1126 2678 1234 2731 mater
1251 2667 1395 2744 Amoris,
1413 2666 1530 2732 habes.

660 2768 798 2835 Caelibe
813 2791 873 2853 pro
888 2769 969 2845 vita,
987 2768 1070 2834 nulli
1087 2789 1155 2833 non
1173 2769 1307 2833 ducitur
1326 2791 1419 2846 uxor,

703 2875 749 2939 Et
766 2873 871 2958 patris
887 2872 953 2949 hic,
970 2872 1056 2937 alter
1071 2872 1207 2937 nomine
1223 2875 1347 2956 gaudet
1363 2873 1427 2938 avi.

659 2977 747 3064 Quid
763 2976 823 3042 tibi
840 2976 1015 3042 nobiscum
1032 2978 1109 3041 est?
1157 2977 1299 3062 Cyprias
1316 2977 1375 3043 tibi
1393 2976 1519 3043 subiice
1536 2987 1691 3062 cryptas;

704 3083 745 3145 ln
762 3102 837 3146 mea
853 3080 899 3145 nil
917 3090 1007 3145 certe
1023 3080 1160 3164 praedia
1176 3080 1259 3146 iuris
1275 3081 1387 3145 habes

658 3184 797 3250 Artibus
813 3184 968 3268 ingenuis
983 3206 1046 3266 ego
1063 3206 1241 3268 praesum:
1265 3186 1386 3249 ducere
1403 3184 1508 3249 vitam

703 3289 812 3354 Debet
830 3291 871 3353 ad
888 3288 1077 3371 exemplum
1095 3311 1178 3371 gens
1195 3287 1276 3352 mihi
1294 3310 1390 3353 sacra
1406 3310 1528 3352 meum.

660 3393 724 3459 Odi
741 3414 802 3476 ego
819 3392 1023 3476 coniugium,
1042 3393 1120 3475 quia
1138 3415 1213 3457 sum
1230 3391 1303 3456 sine
1320 3392 1448 3456 semine
1466 3402 1557 3470 nata,

704 3495 849 3578 Solaque
866 3498 906 3558 de
923 3496 1052 3579 superis
1069 3498 1183 3561 nescio
1200 3497 1280 3580 quid
1296 3497 1339 3560 sit
1356 3519 1461 3561 amor.
1625 3483 1632 3491 ⁸

660 3599 721 3663 Vir
736 3607 816 3662 tuus
832 3609 892 3671 est,
909 3600 1058 3676 memini,
1077 3623 1209 3665 mecum
1227 3602 1386 3677 luctatus
1402 3600 1514 3664 inanis

704 3705 814 3768 Lucta
830 3706 887 3766 sed
905 3704 987 3767 haec
1004 3705 1156 3781 nimium,
1172 3728 1325 3788 vanaque
1342 3727 1455 3789 pugna
1471 3705 1542 3770 fuit.

660 3807 727 3870 Sed
744 3826 850 3886 neque
869 3805 1037 3869 Pieridum
1055 3817 1185 3890 mystas
1201 3810 1296 3871 decet
1313 3830 1387 3872 esse
1406 3808 1555 3884 maritoS,

702 3908 765 3972 Vel
783 3917 841 3972 tua
857 3908 910 3971 vel
927 3908 998 3971 nati
1015 3919 1125 3973 castra
1142 3910 1252 3974 soluta
1269 3912 1372 3993 sequi.

648 4162 671 4211 5.
693 4148 807 4197 Pastoris
819 4147 920 4211 iniqui]
954 4146 1024 4194 Paris
1036 4145 1086 4195 and
1099 4146 1138 4195 his
1147 4147 1284 4211 judgment
1296 4158 1364 4196 asto
1380 4148 1425 4196 the
1437 4148 1529 4197 Three.

635 4246 672 4281 10.
693 4231 814 4294 Cecropis
827 4232 904 4291 arce]
938 4229 1046 4285 Athens,
1059 4244 1087 4277 as
1099 4229 1143 4277 the
1155 4229 1206 4291 city
1218 4230 1248 4277 of
1258 4230 1382 4278 Minerva.

634 4328 671 4377 17.
693 4313 800 4375 Myrto]
828 4317 843 4338 “
854 4313 954 4375 Myrtus
962 4312 975 4330 ”
986 4327 1069 4360 seems
1079 4311 1194 4375 required
1203 4311 1237 4374 by
1245 4311 1289 4360 the
1299 4322 1399 4375 syntax.
1429 4318 1444 4339 ‘⁶
1455 4313 1568 4361 Laurum
1577 4314 1592 4336 ''
1603 4327 1662 4375 may
1670 4311 1710 4369 be,
1720 4311 1745 4360 in
1755 4311 1811 4361 that
1818 4327 1887 4370 case,

530 4395 703 4446 nominative:
721 4394 858 4443 otherwise
869 4394 940 4443 there
953 4395 975 4442 is
986 4409 1057 4443 some
1068 4410 1136 4443 error
1149 4394 1174 4441 in
1187 4394 1231 4442 the
1243 4394 1357 4459 reading.

633 4490 672 4542 27.
692 4475 737 4525 Vir
749 4478 829 4538 tuus]
861 4477 969 4525 Vulcan.
