4162 5842
1130 712 1399 761 unumunurn.

890 1337 1085 1402 LXXXIV.
1130 1336 1196 1401 DE
1219 1336 1354 1403 SIMIA
1378 1337 1642 1405 TAURELLI.

612 1608 615 1613 ·
717 1579 863 1662 Magnus
879 1577 1078 1655 Alexander,
1095 1576 1241 1644 domitor
1255 1578 1385 1644 telluris
1401 1588 1434 1643 et
1451 1580 1572 1657 undae,

760 1684 805 1748 Et
821 1682 897 1767 pius
912 1685 1087 1767 Augustus
1102 1682 1221 1749 lunera
1235 1681 1328 1749 flevit
1344 1682 1435 1766 equi.

716 1786 894 1853 Comicem
913 1785 1037 1862 Pharii,
1055 1806 1192 1851 corvum
1207 1786 1321 1853 luxere
1337 1785 1496 1871 Quirites,

759 1891 855 1956 Flere
871 1912 933 1956 nec
949 1890 1081 1956 erubuit
1096 1890 1190 1974 virgo
1205 1890 1367 1957 Atalanta
1386 1912 1517 1956 canem.

716 1994 793 2058 Non
810 1993 923 2059 minus
938 1993 1070 2059 excellit
1086 1993 1196 2077 pietas
1211 1992 1394 2072 Taurellia,
1411 1993 1525 2059 luctus

759 2098 919 2164 Materies
936 2097 983 2162 illi
999 2095 1252 2181 cercopithecus
1267 2107 1350 2163 erat.

1062 2435 1089 2480 2.
1132 2433 1181 2480 1>ss
1204 2432 1329 2480 EADEM
1354 2434 1465 2482 SlMlA.

714 2570 805 2636 Vixit
822 2569 931 2636 amica
947 2567 1038 2647 viris,
1055 2571 1134 2635 dum
1150 2569 1232 2635 vixit
1248 2570 1358 2648 simia,
1375 2572 1530 2655 quamvis

758 2673 910 2751 Femina,
926 2672 1071 2739 femineo
1086 2695 1220 2759 semper
1233 2674 1349 2758 iniqua
1364 2676 1468 2760 gregi.

714 2780 805 2844 Grex
820 2788 934 2845 tamen
951 2777 1006 2844 hic
1021 2777 1157 2844 functae
1176 2779 1310 2845 deflevit
1329 2780 1458 2858 lunera,
1475 2779 1574 2846 siccis

757 2882 853 2966 Quae
869 2891 1021 2965 spectare
1034 2880 1096 2946 viri
1114 2881 1304 2947 sustinuere
1320 2883 1426 2966 genis.

713 2983 749 3051 Si
765 2984 841 3067 quis
856 2985 936 3050 ades
952 3003 1081 3061 censor,
1099 3006 1215 3049 sexum
1232 2985 1299 3050 iam
1316 2986 1431 3051 confer
1446 2996 1647 3070 utrumque;

757 3088 825 3153 Hic
840 3087 977 3172 pietatis
992 3087 1108 3165 habes,
1125 3088 1180 3154 hic
1195 3088 1339 3154 feritatis
1355 3110 1451 3173 opus.

1124 3411 1155 3472 3.
1190 3409 1238 3456 ns
1262 3409 1398 3458 runnu.

713 3545 828 3611 Incola
844 3546 1004 3612 silvarum
1021 3567 1107 3629 quae
1123 3545 1278 3611 libertate
1295 3545 1439 3623 fruebar,

756 3650 901 3734 Imperio
917 3650 1044 3715 domini
1060 3649 1194 3716 vincula
1209 3651 1292 3716 dura
1311 3650 1384 3715 tuli.

713 3755 790 3818 Non
806 3752 908 3817 facies
924 3754 1073 3820 humana
1088 3753 1209 3832 virum,
1225 3776 1292 3819 non
1309 3776 1392 3839 ruga
1411 3754 1527 3820 senilis

756 3856 916 3933 Plurima,
933 3878 1000 3921 non
1017 3858 1120 3923 movit
1137 3861 1226 3943 quod
1242 3859 1418 3943 peregrina
1434 3858 1492 3924 fui.

711 3963 813 4046 Spem
830 3968 971 4043 praeter,
987 3982 1076 4025 nunc
1092 3962 1203 4028 vincla
1219 3962 1312 4028 vides
1328 3963 1363 4029 in
1379 3974 1486 4028 morte
1505 3963 1636 4029 soluta:

754 4062 909 4132 Crudelis
925 4063 1091 4141 dominus,
1111 4067 1216 4132 Parca
1235 4066 1379 4151 benigna
1397 4066 1470 4132 fuit.
