4162 5842
565 332 653 541 ,χ

657 558 672 629 't
735 569 1200 655 aauanca(suaa1.auuur).

418 749 488 815 Cur
502 768 565 832 ego
580 626 918 967 leario
934 767 1008 811 sum
1025 745 1136 813 iactus
1151 745 1314 813 alumno?

460 852 531 918 Cur
544 850 651 918 stulta
685 846 702 857 “’
763 847 770 863 ’
846 848 1055 937 garrulitatis
1070 850 1188 916 eram?

419 953 485 1019 Hei
502 953 596 1033 mihi,
610 974 670 1020 cur
684 953 778 1020 illam
795 956 863 1023 iam
877 972 981 1038 cogor
994 951 1145 1038 linquere
1161 953 1324 1031 dextram,

460 1059 555 1144 Quae
570 1057 672 1125 toties
687 1056 816 1136 victrix,
866 1056 1096 1137 ccomitante,
1113 1056 1203 1124 fuit?

417 1162 453 1230 Si
469 1164 646 1230 donandus
660 1183 764 1242 eram,
780 1160 814 1229 di
868 1160 897 1228 's
911 1161 1080 1248 regalibus
1095 1171 1175 1248 apta

460 1268 583 1335 Strena
597 1265 658 1346 tui,
674 1268 811 1334 dextrae
896 1266 1065 1352 Cytherea
1080 1275 1170 1331 tuae.

418 1374 481 1437 Est
497 1375 571 1452 dea,
587 1393 667 1458 prae
682 1370 820 1457 reliquis
872 1372 877 1379 “
909 1370 979 1439 'um
995 1391 1097 1456 quam
1112 1369 1240 1456 deperit
1257 1370 1366 1447 hems,

461 1477 524 1556 Ah,
539 1475 648 1561 magis
663 1476 751 1543 hanc
767 1478 864 1543 decur
910 1462 917 1476 ’
953 1474 1145 1561 donychata
1161 1496 1292 1540 manus.

419 1579 510 1647 Huic
526 1601 589 1666 ego
605 1581 759 1660 debebar,
776 1579 881 1646 veteri
945 1577 953 1593 '
992 1578 1065 1664 lege
1082 1577 1264 1666 Quiritum,

461 1684 617 1750 Annulus
632 1693 684 1751 est
700 1684 776 1750 fidei
793 1683 873 1769 pign
981 1681 1082 1749 arrha
1096 1682 1172 1748 tori.

420 1788 510 1855 Huic
526 1811 589 1874 ego
605 1790 765 1866 donabor,
782 1788 879 1855 diceb

463 1895 555 1971 Iane,
571 1893 660 1971 tuis;
684 1902 763 1960 voto
779 1915 857 1978 spes
872 1913 986 1977 quoqu
1021 1890 1031 1907 '
1082 1901 1139 1958 cta
1153 1889 1227 1956 fuit.

418 1997 475 2062 Me
491 1997 564 2075 dea,
581 1996 745 2074 dicebam,
763 1994 878 2081 digitis
893 1997 1024 2079 gestabr
1100 1993 1203 2070 umis,

461 2103 507 2166 Et
523 2101 603 2166 fiam
619 2099 753 2184 sceptri,
768 2100 857 2185 quod
872 2098 959 2183 gerit
976 2097 1042 2176 illa,
1099 2119 1183 2165 mes.

418 2206 502 2270 Fors
518 2203 601 2270 mihi
618 2226 654 2271 se
671 2203 779 2271 Divae
794 2204 987 2270 substernet
1003 2202 1073 2288 regi
1110 2200 1233 2280 cervix,

462 2311 556 2396 Quae
572 2329 639 2375 non
655 2308 807 2377 calcatae
822 2307 971 2375 cernitur
986 2329 1073 2392 aequ
1104 2306 1191 2379 nivi.

418 2413 547 2479 Forsan
563 2423 597 2479 et
614 2412 648 2478 in
664 2422 781 2479 tenera
796 2412 915 2479 lucebo
930 2412 1098 2498 pendulus
1196 2460 1205 2489 ,

448 2520 595 2603 ‘Lapsus
610 2527 643 2583 et
660 2517 739 2584 hinc
756 2539 870 2583 roseos
885 2515 971 2582 forte
987 2516 1107 2583 subibo
1123 2515 1228 2582 sinus.

417 2622 501 2688 Fors
517 2623 579 2688 dea
595 2621 745 2688 sidereae
760 2620 877 2688 libabit
893 2620 988 2688 basia
1003 2640 1168 2705 gemmae,

462 2725 564 2791 Basia
580 2724 748 2792 sexcentis
763 2734 843 2792 ante
859 2734 983 2810 negata
998 2723 1119 2810 procis.

419 2830 515 2894 Haec
532 2850 594 2914 ego
610 2830 790 2914 fingebam,
806 2850 884 2916 spes
900 2850 955 2894 me
970 2830 1029 2893 sed
1045 2826 1126 2894 lusit
1141 2826 1263 2905 inanis,

464 2931 532 2997 Hei
549 2931 642 3011 mihi,
657 2954 712 2998 me
727 2932 837 2998 cultor
852 2953 943 2999 nunc
961 2931 1138 3000 Heliconis
1153 2931 1266 3009 habet,

419 3036 556 3102 Nullius
571 3036 744 3116 articulos,
761 3046 878 3103 vatum
895 3035 924 3102 si
939 3036 1136 3122 dempseris,
1151 3035 1214 3113 odi,

465 3142 540 3206 Hos
555 3150 681 3214 tamen,
696 3141 750 3219 ah,
765 3140 902 3207 domino
918 3139 967 3205 sic
983 3147 1155 3205 statuente
1171 3160 1298 3222 premo.

419 3245 481 3310 Ast
497 3265 560 3329 ego
575 3265 637 3311 nec
654 3244 841 3311 Dominum
858 3243 966 3330 culpo,
981 3264 1044 3308 nec
1059 3241 1179 3307 vellico
1195 3250 1318 3315 vatem,

465 3350 635 3415 Fortunae
650 3358 785 3414 tantum
802 3348 843 3412 de
859 3346 996 3413 levitate
1013 3365 1144 3430 queror.

422 3451 589 3518 Maiorum
606 3450 717 3518 titulis
732 3449 872 3535 dignum
889 3472 925 3515 se
944 3447 1113 3534 praestitit
1135 3449 1257 3524 Heros,

464 3554 615 3640 Regibus
630 3555 686 3621 hic
701 3564 796 3621 ortus
811 3553 903 3639 regia
922 3555 1010 3621 dona
1028 3551 1128 3618 dedit.

423 3658 491 3725 Hic
506 3680 640 3744 quoque
656 3660 813 3726 credatur
827 3657 931 3743 regali
947 3678 1086 3724 munere
1101 3656 1234 3742 dignus,

466 3762 531 3850 Qui
548 3762 670 3829 meruit
686 3761 773 3829 tanti
789 3760 950 3848 principis
966 3783 1041 3828 esse
1056 3759 1172 3826 cliens.

394 4057 433 4118 5⁸·
455 4055 569 4121 Regibus
580 4054 621 4106 hic
633 4057 726 4118 ortua]
760 4055 810 4106 See
822 4064 882 4107 note
894 4070 928 4106 on
940 4054 1030 4114 ctu,
1042 4053 1059 4104 l.
1072 4069 1096 4118 7.

358 4361 451 4445 [Eud
473 4363 511 4447 os
529 4360 577 4426 tlte
600 4360 796 4447 supplement
818 4367 847 4425 to
871 4358 918 4424 tlte
942 4357 1146 4444 “Parerga‚¹'
1170 4355 1243 4432 via,
1265 4355 1528 4432 CLII.-CLVI.,
1550 4375 1585 4419 aa

628 4480 729 4559 added
749 4479 786 4545 itt
807 4478 1012 4564 Middelburg
1033 4476 1178 4554 Edition,
1205 4473 1315 4558 1642]
