4140 5834
975 581 1137 629 amnon
1162 566 1441 641 (surruauaur).

663 738 833 805 Excubias
849 736 994 823 agimus,
1009 736 1128 822 vigiles
1143 747 1177 804 et
1196 738 1317 802 ducere
1336 746 1454 801 noctes

708 847 771 910 Est
787 845 948 921 studium,
963 854 998 909 te
1014 846 1105 921 dum,
1121 843 1281 920 Psittace,
1299 864 1438 908 somnus
1454 843 1570 907 habet.

664 944 801 1012 Limina
816 954 989 1011 servantes
1004 944 1098 1010 nullo
1112 943 1358 1028 corrumpimur
1373 965 1466 1021 auro,

709 1051 818 1114 Nemo
833 1058 944 1132 potest
961 1047 1070 1132 pretio
1084 1047 1227 1121 flectere,
1242 1069 1343 1114 nemo
1358 1069 1467 1132 prece.

665 1154 695 1217 N
699 1175 742 1218 on
758 1163 874 1218 tamen
890 1153 1056 1217 intrantes
1071 1153 1196 1218 latratu
1212 1151 1391 1236 pellimus:
1419 1153 1567 1218 Umbros

710 1259 786 1323 Hoc
802 1260 908 1334 decet,
925 1267 959 1322 et
975 1279 1061 1341 quos
1076 1256 1139 1321 lert
1155 1267 1244 1322 terra
1262 1257 1412 1322 Molossa
1430 1277 1543 1321 carrea.

667 1362 839 1426 Murmure
855 1362 1019 1425 duntaxat
1036 1360 1130 1425 tenui
1146 1382 1209 1425 nos
1224 1360 1410 1444 promimus
1426 1360 1503 1437 iras,

708 1464 836 1530 Audaci
853 1463 983 1529 iuvenis
999 1486 1076 1529 cum
1093 1466 1177 1549 pede
1192 1474 1283 1530 tecta
1299 1463 1397 1530 subit.

667 1570 814 1634 Eminus
830 1569 998 1635 interdum
1016 1590 1148 1634 morsus
1163 1568 1365 1635 simulamus
1380 1568 1509 1643 inanes,

710 1673 890 1741 Cemimur
904 1683 938 1738 et
953 1672 1103 1740 lacrimis
1118 1674 1248 1758 tingere
1266 1694 1367 1758 saepe
1381 1694 1497 1757 genas.

667 1777 835 1843 Ludimus
850 1776 991 1862 imperio
1005 1776 1174 1855 dominae,
1190 1777 1276 1861 fugit
1295 1779 1380 1854 Issa,
1400 1775 1592 1860 Melampus

711 1881 916 1964 Insequitur,
933 1891 1066 1966 tergum
1084 1881 1243 1966 Laelapis
1259 1883 1350 1947 Aura
1367 1880 1499 1965 premit.

668 1984 869 2063 Stemimur,
886 1984 1056 2069 erigimur,
1073 2007 1155 2071 gyro
1171 2007 1303 2070 quoque
1319 1984 1493 2062 vertimur,
1509 1984 1619 2048 audax

712 2089 779 2155 Hic
795 2088 953 2154 dominae
968 2090 1094 2173 pallam
1109 2089 1287 2175 prensitat,
1306 2090 1361 2155 ille
1378 2109 1529 2154 manum.

668 2195 768 2260 Nunc
784 2192 877 2259 iuvat
893 2191 1004 2271 irasci,
1021 2203 1156 2259 teneras
1172 2215 1263 2259 nunc
1278 2193 1405 2277 lingere
1422 2193 1565 2277 palmas,

711 2299 812 2362 Nunc
828 2297 933 2374 labra,
950 2318 1040 2363 nunc
1056 2297 1176 2363 timido
1191 2297 1375 2363 lambimus
1391 2317 1447 2362 ore
1462 2315 1579 2379 genas.

668 2401 817 2468 Naribus
832 2401 1004 2486 ingratum
1020 2401 1124 2467 catuli
1140 2401 1307 2486 spiramus
1324 2403 1472 2476 odorem,

711 2505 774 2569 Ast
789 2506 872 2570 odor
887 2504 954 2582 hic,
972 2505 1102 2570 medico
1118 2504 1238 2581 iudice,
1256 2525 1356 2588 saepe
1373 2503 1477 2569 iuvat.

670 2606 763 2674 Utile
779 2617 969 2673 castoreum
986 2618 1049 2684 est,
1066 2617 1099 2672 et
1116 2615 1318 2672 centaurea:
1343 2605 1520 2690 mephitim

712 2710 809 2774 Haec
824 2718 939 2774 tamen
956 2710 1128 2786 exhalant,
1144 2709 1240 2793 peius
1256 2719 1289 2774 et
1306 2709 1388 2773 illud
1404 2708 1483 2774 olet.

670 2812 850 2898 Unguibus
865 2833 1047 2889 armamur,
1065 2812 1249 2896 rostrisque
1265 2811 1465 2889 minacibus,
1483 2832 1614 2895 ungues

713 2915 816 2982 Nulla
831 2925 947 2980 tamen
963 2923 1097 2980 nostros
1112 2915 1217 2999 virg0,
1234 2915 1287 2981 vel
1303 2936 1373 2993 ora,
1390 2914 1496 2980 timet.

668 3021 819 3088 Vulnera
834 3022 916 3085 dent
933 3020 1076 3104 Spartae
1092 3021 1208 3098 catuli,
1225 3022 1438 3106 grandesque
1457 3019 1606 3096 Molossi,

712 3127 786 3190 Nos
801 3123 885 3190 levis
900 3132 934 3189 et
950 3132 1086 3191 tantum
1102 3123 1231 3209 pumila
1246 3126 1346 3190 turba
1361 3146 1492 3190 sumus.

668 3231 832 3317 Cogimur
846 3227 959 3307 irasci,
975 3230 1034 3294 sed
1051 3239 1130 3295 sunt
1147 3229 1220 3295 sine
1234 3228 1362 3295 viribus
1378 3228 1458 3306 irae,

713 3337 758 3423 Et
775 3335 909 3420 quoties
924 3335 992 3401 iras
1008 3334 1186 3412 sumimus,
1203 3356 1282 3400 ossa
1297 3343 1459 3399 tremunt.

671 3441 830 3505 Mollibus
846 3440 880 3503 in
897 3439 1020 3504 catulis
1038 3439 1084 3503 nil
1101 3438 1312 3504 formidabile
1328 3437 1449 3513 cernis,

713 3543 838 3604 Nostra
855 3541 974 3604 cohors
991 3543 1084 3605 nullo
1100 3542 1265 3625 sanguine
1281 3541 1383 3623 tingit
1400 3540 1553 3604 humum.

668 3643 721 3708 Tu
737 3643 850 3726 potius
867 3653 992 3708 terrore
1008 3646 1128 3726 quatis,
1144 3669 1228 3728 quos
1244 3645 1409 3727 adspicis:
1435 3665 1529 3708 arma

712 3745 859 3811 Ludicra
876 3757 955 3809 sunt
972 3748 1080 3824 nobis,
1098 3759 1135 3812 tu
1152 3751 1344 3814 truculenta
1360 3748 1459 3832 geris.

669 3851 756 3915 Sunt
773 3847 833 3913 tibi
850 3870 934 3930 quos
950 3859 1043 3931 optet
1060 3852 1174 3934 magni
1193 3853 1283 3917 Iovis
1300 3852 1444 3935 armiger
1460 3873 1602 3934 ungues,

714 3954 904 4034 Rostraque
922 3953 1116 4017 C'aucaseus
1133 3955 1246 4037 qualia
1262 3957 1375 4020 vultur
1391 3955 1504 4019 habet.

670 4057 747 4121 Iure
763 4065 840 4121 tuos
858 4077 989 4140 ungues
1006 4067 1162 4121 metuunt
1179 4070 1212 4122 et
1228 4071 1337 4124 rostra
1353 4059 1496 4143 puellae,

712 4161 841 4225 Forsan
858 4171 891 4225 et
908 4161 991 4226 haec
1008 4160 1164 4227 dominae
1181 4172 1260 4227 sunt
1278 4163 1431 4229 nocitura
1447 4172 1535 4229 tuae.

641 4509 680 4556 43.
702 4494 849 4558 Ludimus]
882 4496 939 4547 The
951 4497 1107 4563 description
1118 4498 1149 4548 ol
1156 4498 1200 4547 the
1212 4498 1329 4562 gambols
1340 4498 1371 4549 ol
1378 4497 1443 4562 dogs
1455 4497 1480 4546 in
1492 4497 1567 4546 these
1578 4495 1643 4545 lines
1655 4496 1676 4544 is
1688 4511 1748 4558 very
1759 4493 1872 4544 notable.
