4162 5842
531 574 597 638 204
1072 571 1340 621 amomum.

532 861 710 929 CXLVII.
743 861 808 924 DE
834 859 1142 925 ENDYMIONIS
1169 857 1379 964 PQRTER1
1406 858 1725 926 CUBICULARII
1749 856 1887 922 REGII

804 978 1035 1058 CONIUGE,
1060 980 1161 1046 CAL.
1187 980 1281 1044 IAN.
1307 980 1372 1044 EX
1395 979 1619 1046 ANGLICO.

663 1148 856 1215 Armeniam
872 1170 994 1216 venare
1009 1150 1125 1228 feram,
1142 1149 1356 1235 pretiosaque
1371 1160 1466 1235 terga

709 1252 963 1338 Endymioneae
978 1275 1118 1319 munera
1134 1254 1231 1319 mitte
1249 1256 1353 1319 Deae.

667 1357 733 1421 His
750 1358 824 1422 Dea
839 1358 992 1435 donetur,
1010 1358 1163 1442 quamvis
1179 1358 1222 1423 sit
1239 1358 1371 1423 mollior
1386 1358 1460 1442 ipsa

709 1459 866 1547 Qualibet
885 1461 1045 1528 Armenia
1061 1460 1298 1546 candidiorque
1316 1462 1397 1528 fera.

666 1565 798 1631 Scande
814 1564 902 1648 iuga,
919 1575 953 1630 et
969 1563 996 1630 si
1014 1588 1099 1650 quae
1111 1565 1210 1631 stella
1225 1575 1276 1631 est
1292 1565 1328 1630 in
1344 1565 1484 1650 rupibus
1499 1564 1577 1643 illis,

710 1667 774 1735 Cui
791 1668 901 1733 radios
917 1670 1056 1735 adamas
1072 1668 1241 1735 contrahit
1257 1668 1335 1754 igne
1356 1669 1458 1747 brevi,

669 1774 769 1840 Hanc
786 1773 881 1840 dabis
897 1772 1068 1840 inventam
1087 1771 1205 1850 Divae,
1223 1793 1309 1857 quae
1324 1771 1428 1837 vincit
1445 1771 1571 1849 ocellis,

710 1877 789 1943 Alta
808 1877 899 1943 Iovis
915 1875 1075 1961 quidquid
1092 1875 1183 1960 regia
1199 1874 1285 1941 lucis
1305 1876 1415 1941 habet.

669 1978 752 2045 Eois
767 1989 801 2044 te
818 2000 931 2063 merge
946 1978 1052 2057 vadis,
1070 1988 1252 2063 quaeratur
1267 1976 1302 2043 in
1318 1977 1385 2043 illis

713 2081 814 2162 Unio,
832 2104 932 2167 quem
948 2081 1122 2167 caelirore
1137 2092 1269 2147 tumere
1284 2081 1388 2148 vides.

670 2185 761 2254 Unio
776 2197 959 2272 quaeratur
972 2186 1225 2272 praestringens
1244 2185 1374 2252 lumina
1394 2207 1522 2267 regum,

713 2294 770 2370 Et,
787 2314 1005 2377 quascunque
1021 2301 1141 2377 tegunt
1158 2312 1315 2375 aequora,
1333 2290 1445 2356 vincat
1461 2313 1549 2375 opes

672 2396 774 2460 Hunc
791 2418 924 2481 quoque
940 2398 983 2463 da
999 2395 1117 2474 Divae,
1136 2394 1290 2479 quamvis
1306 2394 1485 2479 pretiosior
1502 2392 1549 2458 illi

713 2499 872 2565 Lacrima
887 2499 931 2565 sit
947 2499 1101 2583 gemmis,
1120 2521 1205 2583 quas
1220 2500 1299 2563 dare
1316 2498 1444 2563 concha
1460 2507 1585 2582 potest.

672 2599 779 2683 Regia
794 2622 895 2684 quam
911 2613 1007 2667 vates
1023 2601 1077 2666 hic
1094 2602 1137 2666 do
1153 2601 1338 2666 mandata?
1363 2599 1508 2664 ministri

714 2703 824 2788 Quam
841 2703 952 2769 lentas
967 2704 1127 2769 adhibent
1143 2705 1186 2768 ad
1202 2725 1277 2769 mea
1293 2703 1386 2768 iussa
1401 2704 1541 2768 manusl

672 2805 745 2870 Nec
762 2806 851 2871 Geta
866 2816 1017 2882 venatur,
1034 2828 1095 2871 nec
1112 2806 1243 2872 scandit
1259 2805 1393 2871 decolor
1410 2808 1517 2871 Indus

716 2909 816 2987 Saxa,
834 2929 896 2974 nec
912 2908 1116 2994 Aethiopum
1132 2930 1216 2995 gens
1232 2909 1335 2975 hebes
1351 2909 1454 2976 intrat
1471 2931 1588 2994 aquas.

672 3011 816 3078 Aemula
831 3012 880 3078 sic
897 3014 1040 3097 Regum,
1059 3035 1121 3080 sua
1136 3036 1220 3098 quos
1236 3013 1359 3079 fiducia
1374 3013 1472 3090 lallit,

718 3116 796 3199 Spe,
812 3116 925 3200 potius
941 3139 1042 3201 quam
1059 3138 1105 3196 re,
1122 3128 1238 3184 nostra
1254 3119 1405 3185 Camena
1421 3117 1510 3183 beat.

659 3299 697 3348 1⁶.
718 3297 836 3359 Lentus]
870 3296 927 3347 The
941 3295 1105 3360 Middelburg
1116 3305 1169 3345 text
1181 3296 1228 3346 has
1240 3296 1330 3358 lentus,
1345 3311 1361 3346 a
1371 3295 1440 3346 clear
1451 3295 1578 3360 misprint.

546 3545 742 3611 CXLVIII.
788 3548 850 3612 ΟΝ
882 3550 1060 3613 ALADY
1092 3549 1351 3626 VOYAGING,
1377 3549 1510 3614 FROM
1543 3546 1645 3612 THE
1673 3548 1904 3613 ENGLISH.

942 3715 1047 3780 subject
1057 3730 1086 3766 or
1097 3716 1207 3780 original
1218 3716 1266 3766 has
1277 3724 1323 3766 not
1334 3715 1399 3765 been
1411 3714 1507 3765 traced.

1128 3884 1321 3928 ARGUMENT.

629 4001 788 4073 Farewell,
812 4001 978 4060 Goddess:
1012 4001 1054 4060 let
1075 4002 1128 4061 the
1151 4021 1204 4061 sea
1225 4020 1314 4061 cease
1335 4011 1369 4060 to
1390 4000 1481 4077 bring
1501 4000 1578 4059 back
1591 3998 1644 4059 the
1659 3999 1726 4058 dew
1741 3997 1807 4057 into
1822 3996 1907 4057 mine

546 4118 621 4177 eyes
635 4117 669 4158 or
683 4099 736 4159 the
751 4100 858 4159 breeze
873 4108 906 4158 to
921 4099 998 4158 echo
1013 4119 1066 4176 my
1082 4098 1244 4175 sighings;
1268 4100 1323 4159 but
1342 4118 1415 4175 may
1429 4096 1541 4157 Thetis
1555 4095 1728 4172 emulating
1742 4096 1799 4173 thy
1813 4095 1907 4154 bland

546 4197 618 4257 look
632 4216 709 4273 gaze
725 4197 857 4274 placidly
873 4216 956 4273 upon
973 4197 1055 4268 thee,
1073 4197 1134 4255 and
1149 4197 1257 4274 gently
1271 4197 1313 4256 let
1327 4196 1380 4256 the
1403 4197 1495 4255 south
1516 4193 1599 4254 wind
1620 4193 1746 4253 breathe
1768 4193 1800 4251 in
1819 4192 1907 4252 thine

546 4314 606 4356 ear.
651 4295 710 4354 Let
732 4314 773 4354 no
795 4295 866 4355 bold
880 4314 968 4354 wave
985 4295 1083 4354 heave
1098 4292 1229 4353 himself
1246 4293 1321 4370 high
1345 4294 1376 4351 in
1392 4294 1497 4353 Ocean
1517 4293 1578 4351 and
1600 4309 1743 4368 presume
1765 4300 1797 4349 to
1818 4308 1907 4349 come

547 4411 622 4452 near
641 4401 674 4451 to
695 4401 776 4451 taste
793 4392 850 4469 thy
865 4391 916 4468 lip.
961 4392 1021 4463 Ah,
1037 4411 1091 4468 my
1105 4389 1169 4451 sear
1183 4391 1210 4449 is
1227 4391 1296 4450 that
1316 4391 1402 4450 Love
1424 4409 1496 4467 may
1511 4388 1600 4449 affect
1622 4388 1696 4447 both
1718 4387 1822 4446 billow
1842 4386 1905 4445 and

546 4487 665 4561 breeze,
677 4489 739 4547 and
754 4488 829 4549 both
845 4489 943 4566 rising
959 4489 1035 4566 high
1051 4508 1124 4567 may
1135 4489 1255 4549 trouble
1269 4489 1322 4548 the
1337 4488 1431 4548 main.
1476 4488 1556 4547 Now
1567 4484 1593 4546 if
1605 4487 1690 4546 Love
1704 4487 1780 4545 does
1793 4485 1908 4545 wound
