4162 5842
683 561 888 625 cnnrssws’
913 579 1070 625 onnnsu.

535 923 664 987 LXXI.
698 923 764 988 DE
793 922 959 990 HORTO
988 924 1222 990 CARPESII.

329 1160 440 1223 Pruna
456 1161 547 1242 leges
563 1158 642 1224 alibi
658 1159 763 1225 flavas
780 1159 949 1226 imitantia
965 1182 1069 1238 ceras,

371 1264 416 1327 Et
433 1284 519 1345 quae
536 1262 705 1329 Thisbaeo
722 1286 816 1330 mora
831 1287 947 1330 cruore
963 1267 1095 1331 rubent.

326 1367 487 1451 Quaeque
504 1367 612 1432 solent
629 1367 756 1432 mensis
772 1368 895 1434 servari
912 1390 1011 1453 poma
1027 1367 1196 1445 secundis,

370 1471 416 1535 Et
432 1470 505 1553 pira
521 1492 598 1535 cum
615 1471 750 1549 cerasis,
768 1480 1011 1556 castaneasque
1027 1494 1141 1537 nuces.

326 1574 393 1638 Hic
409 1584 489 1639 tuus
505 1575 623 1639 hortus
640 1575 752 1652 habet,
770 1576 921 1659 Carpesi,
939 1575 1053 1641 sectile
1070 1597 1216 1659 porrum,

369 1679 414 1743 Et
430 1677 553 1743 virides
569 1678 709 1756 malvas,
726 1690 1001 1763 prototomosque
1016 1681 1127 1745 rudes.

326 1783 371 1844 Et
388 1802 464 1845 cum
483 1783 625 1858 lactuca,
642 1781 812 1846 fabrorum
829 1783 979 1866 prandia,
997 1784 1103 1860 betas,

367 1885 531 1969 Quodque
548 1885 612 1950 ciet
630 1888 806 1962 Venerem,
821 1887 886 1952 vile
902 1886 1072 1953 ministrat
1088 1888 1173 1953 olus.

325 1989 503 2053 Narcissos
519 1988 573 2053 hic
590 1988 669 2054 flere
685 1991 779 2066 duoS,
797 2000 865 2055 tres
881 1989 974 2055 iridis
990 2012 1100 2068 arcus,

366 2093 520 2176 Quatuor
535 2092 590 2157 hic
606 2093 715 2158 cernis
731 2093 811 2171 lilia,
829 2095 976 2177 quinque
994 2116 1098 2159 rosas.

323 2198 445 2262 Cetera
461 2208 540 2262 sunt
556 2196 683 2274 tribuli,
700 2197 861 2282 paliurus,
878 2199 990 2282 lappa,
1007 2198 1130 2277 cicuta,

365 2303 433 2365 Aut
450 2301 558 2367 urtica
574 2323 709 2377 nocens,
724 2312 783 2367 aut
800 2302 937 2368 inimica
952 2303 1033 2368 filix.

325 2408 426 2469 Hunc
443 2405 504 2470 tibi
520 2427 606 2488 quae
622 2416 766 2484 servent,
785 2428 846 2472 nec
862 2407 953 2472 rubri
968 2407 1037 2472 tela
1055 2406 1179 2490 Priapi,

366 2512 437 2574 Nec
454 2531 586 2593 semper
600 2509 711 2594 vigilis
727 2533 849 2595 quaere
866 2510 1021 2576 draconis
1035 2532 1146 2595 opem.

324 2615 454 2678 Hortus
471 2614 525 2678 hic
542 2614 613 2698 ipse
629 2637 742 2680 suase
758 2625 956 2700 paupertate
972 2623 1097 2693 tuetur,

367 2721 443 2784 Hac
460 2741 480 2784 a
496 2740 532 2784 se
548 2719 639 2785 fures
654 2719 748 2803 pellit
765 2730 798 2785 et
815 2729 906 2785 arcet
922 2743 1012 2786 aves.

736 2998 768 3042 2.
793 2996 842 3043 DE
865 2995 1003 3043 EODEM.

322 3145 476 3222 Hortule,
491 3167 590 3228 quem
607 3146 750 3230 propriis
767 3147 950 3230 Carpesius
966 3158 1088 3230 aequat
1105 3147 1230 3223 ocellis,

364 3248 420 3313 Nil
438 3259 471 3313 te
487 3251 678 3333 pauperius,
696 3250 743 3314 nil
760 3251 873 3316 minus
889 3251 979 3316 orbis
995 3251 1108 3316 habet.

319 3352 368 3417 Te
384 3364 511 3437 tegeret
528 3365 650 3433 totum,
667 3365 764 3421 tanta
780 3367 831 3421 est
848 3356 1016 3440 angustia,
1034 3355 1151 3431 cassis,

362 3459 470 3542 Quem
488 3480 573 3541 vaga
590 3461 792 3542 pendentem
809 3461 850 3523 de
866 3460 960 3523 trabe
976 3479 1093 3523 musca
1109 3458 1217 3522 timet.

318 3560 433 3644 Teque
450 3560 550 3644 pulex
567 3584 633 3627 uno
649 3573 762 3647 posset
779 3561 1009 3628 transmittere
1025 3562 1125 3639 saltu,

363 3667 408 3729 Et
426 3687 512 3749 quae
528 3667 569 3729 de
585 3665 704 3730 mediis
720 3688 802 3731 rana
818 3675 937 3731 coaxat
953 3665 1061 3748 aquis.

317 3770 370 3834 Tu
387 3780 493 3853 potes,
512 3771 724 3835 Automedon
740 3770 841 3835 citius
857 3792 958 3854 quam
975 3770 1089 3836 flectat
1105 3771 1265 3848 habenaS,

360 3874 470 3939 Totus
486 3877 528 3940 ab
544 3875 690 3958 impasto
706 3874 890 3959 pumilione
906 3875 985 3940 lodi.

319 3979 439 4043 Infelix
454 3980 554 4044 olitor
568 3980 695 4063 gremio
711 3980 766 4045 vix
781 3981 918 4045 mandet
935 4001 1036 4046 avaro

361 4084 509 4162 Semina,
529 4085 690 4168 Pygmaei
706 4096 787 4168 quot
804 4085 893 4168 capit
911 4107 977 4151 una
995 4107 1127 4150 manus.

316 4188 414 4272 Quod
430 4188 541 4253 reddis
557 4188 704 4266 domino,
721 4188 776 4254 vix
790 4190 847 4254 det
863 4189 1033 4255 ientacula
1049 4189 1147 4266 muri,

359 4292 424 4356 Vix
440 4292 527 4359 levet
544 4292 623 4359 hinc
639 4303 776 4359 tenuem
793 4294 884 4361 sicca
899 4293 1015 4360 cicada
1029 4293 1165 4359 famem.

305 4529 327 4565 2.
347 4516 499 4579 Thisbaeo]
532 4516 596 4566 Alro
607 4516 634 4565 in
648 4517 698 4569 No.
715 4517 861 4570 Lxxxvr.
897 4512 1133 4580 StoryisinOvid,
1148 4512 1352 4580 uer.,1v.127.
