4140 5834
517 559 580 626 218
960 574 1121 622 aaaron
1145 561 1427 640 (surruauanr).

648 732 797 798 Lenibus
812 741 847 798 et
862 751 1000 797 somnos
1015 730 1136 798 invitat
1155 751 1257 815 saepe
1276 731 1435 810 susurris,

690 836 797 918 Saepe
813 835 903 900 levat
918 843 1085 900 maestum
1101 833 1299 918 garrulitate
1316 834 1419 920 lyrae.

643 937 784 1003 Talibus
799 937 917 1003 officiis
931 937 1130 1022 impendens
1144 946 1297 1020 tempora
1314 939 1436 1016 noctis,

690 1042 831 1126 Cogitur
846 1041 880 1106 in
897 1041 1045 1106 medium
1062 1049 1202 1106 stertere
1218 1062 1319 1124 saepe
1335 1041 1436 1107 diem.

647 1145 749 1210 Nulla
765 1144 860 1228 quies
874 1144 1022 1221 famulis,
1038 1165 1117 1228 pars
1132 1143 1233 1209 verrit
1250 1145 1376 1218 limina,
1392 1147 1491 1211 lanas

690 1251 772 1314 Pars
787 1249 902 1326 trahit,
920 1257 978 1313 aut
994 1247 1158 1331 glomerat
1174 1247 1295 1330 pollice
1311 1248 1368 1312 fila
1384 1249 1460 1313 levi.

647 1353 762 1437 Nupta
778 1360 911 1436 praeest
926 1351 1027 1436 operi,
1043 1372 1106 1417 nec
1120 1372 1206 1434 opus
1223 1351 1309 1436 fugit
1331 1352 1416 1435 ipsa,
1433 1352 1610 1419 ministrae

690 1456 825 1520 Nullius
840 1466 873 1521 et
889 1455 978 1520 vinci
994 1456 1174 1521 sedulitate
1189 1466 1310 1539 potest.

647 1558 741 1624 Licia
757 1580 846 1624 nunc
863 1557 994 1637 miscet,
1011 1578 1102 1623 nunc
1116 1560 1237 1624 densat
1253 1559 1386 1643 pectine
1401 1560 1498 1638 telas,

689 1665 789 1729 Nunc
804 1664 912 1749 pingit
931 1661 1054 1729 Pharia
1068 1653 1121 1730 vel
1139 1664 1326 1749 Babylonis
1342 1687 1417 1731 acu.

647 1768 738 1831 Dum
757 1768 866 1833 Musis
881 1767 932 1832 vir
946 1787 1044 1833 sacra
1058 1765 1150 1845 iacit,
1167 1768 1247 1833 colit
1264 1768 1322 1834 illa
1340 1769 1540 1847 Minervam,

687 1873 825 1938 Artibus
841 1873 895 1937 his
910 1872 1032 1959 coniux
1046 1872 1201 1956 coniugis
1219 1883 1321 1958 auget
1341 1896 1434 1958 opes.

645 1978 741 2061 Quae
756 1977 847 2042 mala
862 1976 1067 2043 connubium
1084 1977 1147 2042 lert
1164 1999 1290 2055 secum,
1307 1978 1405 2044 vince
1420 1978 1567 2057 ferendo,

688 2079 849 2165 Quisquis
865 2079 1080 2146 Aristotelem
1099 2080 1315 2165 Pieridasque
1330 2082 1421 2147 colis.

644 2185 714 2251 Cur
729 2185 808 2269 lupa
823 2195 858 2251 te
873 2185 1024 2252 cruciet?
1071 2188 1212 2251 Veteres
1228 2186 1381 2252 evolvere
1395 2186 1504 2252 fastos

688 2289 722 2355 Si
739 2290 841 2367 lubet,
857 2289 993 2356 Atridas
1008 2312 1094 2374 quos
1110 2290 1253 2356 imiteris
1270 2291 1383 2356 habes.

644 2392 680 2457 si
697 2414 773 2458 cum
789 2404 883 2459 veste
898 2415 1031 2461 comam
1048 2393 1156 2460 variat
1172 2393 1371 2476 vultumque
1391 2393 1523 2468 marita,

688 2496 764 2560 Hoc
780 2516 912 2581 quoque
927 2497 995 2575 ier;
1019 2497 1073 2562 cui
1089 2517 1157 2561 non
1174 2505 1310 2579 compta
1329 2497 1451 2561 marita
1470 2497 1605 2581 placet?

643 2598 752 2679 Auget
767 2620 848 2682 opes
863 2599 997 2676 sterilis,
1014 2599 1136 2665 coniux
1151 2598 1294 2664 secunda
1310 2609 1462 2683 nepotes,

688 2698 833 2764 Garrula
849 2711 1006 2765 censetur
1021 2701 1135 2777 libera,
1153 2710 1248 2764 muta
1267 2700 1390 2783 gravis.

644 2799 747 2866 Plebe
763 2810 838 2868 sata
853 2811 904 2889 est
921 2802 1070 2879 humilis,
1087 2802 1209 2867 mulier
1223 2825 1386 2886 generosa
1403 2806 1563 2872 maritum

687 2904 849 2991 Protegit,
864 2905 1013 2993 oblectat
1030 2905 1182 2989 pulchra,
1199 2906 1322 2989 pudica
1340 2908 1436 2992 nigra
1457 2919 1520 2974 est.

641 3008 731 3090 Apta
747 2996 943 3091 ministeriis
959 3008 1081 3073 coniux
1095 3007 1292 3075 florentibus
1307 3010 1417 3088 annis,

686 3111 893 3179 Occubitura
905 3100 999 3189 brevi
1016 3110 1164 3177 creditur
1178 3132 1261 3176 uxor
1276 3133 1373 3178 anus.

642 3219 738 3305 Quae
754 3240 875 3285 somno
889 3218 1065 3349 pipmitur,
1082 3220 1140 3284 dat
1156 3219 1315 3285 mollibus
1330 3219 1400 3286 otia
1419 3221 1540 3298 Musis,

687 3323 723 3390 Si
739 3325 854 3391 bibula
869 3334 932 3408 est,
949 3325 1082 3391 subitus
1098 3346 1176 3389 mox
1191 3324 1357 3408 iugulabit
1374 3326 1532 3410 hydrops.

642 3428 678 3492 Si
694 3430 814 3493 domus
830 3437 882 3494 est
897 3423 978 3493 rixis
994 3439 1027 3494 et
1043 3440 1160 3512 aperto
1176 3429 1276 3513 plena
1291 3429 1452 3506 tumultu,

685 3531 835 3597 Socratis
851 3534 1004 3616 exemplo
1020 3534 1128 3617 iurgia
1144 3534 1235 3598 disce
1251 3533 1332 3617 pati.

643 3634 776 3698 Robore
793 3635 820 3697 si
837 3644 1014 3717 praestans
1031 3657 1113 3700 uxor
1128 3637 1195 3700 lors
1211 3645 1345 3719 asperat
1362 3657 1505 3719 ungues,

686 3737 738 3801 Ne
754 3745 829 3801 ruat
846 3736 880 3800 in
895 3721 1010 3801 lauces
1027 3739 1149 3815 bellua,
1166 3740 1255 3803 fuste
1275 3741 1386 3804 doma.

642 3841 718 3904 Hoc
735 3861 796 3922 ego
813 3849 950 3907 sanatas
965 3841 1032 3904 vidi
1053 3843 1275 3908 medicamine
1295 3855 1430 3927 nuptas,

686 3944 726 4007 ln
744 3942 865 4025 quibus
881 3943 1020 4006 humani
1037 3944 1083 4007 nil
1100 3945 1165 4008 nisi
1181 3946 1296 4011 vultus
1312 3956 1395 4011 erat.

643 4047 739 4110 Haec
755 4047 845 4112 mala
859 4046 889 4117 si
905 4046 1047 4110 thalami
1063 4057 1097 4111 te
1113 4058 1251 4125 terrent,
1269 4060 1349 4113 nata
1365 4048 1541 4126 Tonantis,

683 4152 786 4216 Arma
801 4160 901 4217 tuum
915 4151 1077 4236 populum
1095 4174 1180 4235 quae
1197 4161 1358 4217 tueantur
1373 4153 1486 4218 habes.

639 4254 779 4319 Casside
795 4273 910 4338 pressa
926 4275 1023 4319 coma
1039 4265 1101 4332 est,
1118 4255 1181 4319 fert
1199 4257 1332 4320 hastam
1352 4258 1499 4333 dextera,
1518 4269 1636 4340 pectus

684 4358 821 4439 Gorgon
838 4356 958 4435 habet3
985 4369 1115 4443 mystas
1131 4358 1184 4422 his
1199 4368 1287 4444 tege,
1306 4360 1404 4448 Diva,
1419 4369 1508 4424 tuos.
1610 4365 1614 4372 “
