4140 5834
576 554 701 620 xxxviii
1168 573 1352 618 ,srvssnrx

576 728 639 804 est)
654 727 755 804 gloria
768 726 853 786 cluit.
897 727 946 787 De
967 728 1127 787 Gulielmo
1146 742 1230 786 oerte
1245 729 1327 787 iden
1342 745 1492 802 usurpare
1506 747 1688 802 ptumus.
1702 730 1787 803 qnod
1798 730 1877 788 olim
1901 730 1944 789 de

577 823 651 884 Tito
675 826 823 900 Imperat.
840 826 1030 884 suavissime
1043 827 1160 884 dictum
1176 840 1237 893 est,
1251 825 1391 883 Dein-ias
1411 834 1457 882 cst
1477 826 1605 881 ismsi
1619 826 1764 901 μνη).-
1785 838 1877 885 tanta
1891 839 1943 886 est

577 923 646 982 eius
659 924 804 991 comitas,
820 934 908 982 tants
923 923 1235 982 urbanitas-And!
1255 924 1409 982 Stradnn
1428 924 1473 985 tin
1491 922 1701 999 Panegyricus
1722 923 1942 1000 lang-ntis,

580 1019 703 1090 Aberd„
723 1023 821 1098 1631)

1240 1135 1282 1194 lt

663 1265 699 1323 Iu
735 1266 849 1328 Arturo
885 1267 1038 1328 Ionstono
1074 1268 1179 1327 Scuto.
1209 1267 1332 1326 Medico
1369 1266 1480 1341 Regio.
1518 1266 1691 1324 redivivum
1734 1269 1943 1342 agnostimm

582 1363 828 1422 Buchananum:
852 1366 895 1423 ita
911 1383 973 1422 non
997 1365 1091 1421 modo
1111 1366 1251 1422 divinum
1272 1365 1400 1422 Psalten
1416 1382 1497 1421 nova
1511 1376 1543 1421 et
1558 1365 1700 1437 speciosa
1713 1378 1802 1422 reste
1816 1366 1938 1440 poetica

580 1462 681 1522 induit
703 1463 758 1521 sed
779 1472 810 1522 et
824 1463 855 1522 in
878 1463 969 1522 seriis
989 1463 1175 1536 mensisque,
1191 1465 1223 1520 in
1246 1464 1390 1521 laudibus
1410 1475 1442 1521 et
1463 1462 1733 1529 insectationibus,
1748 1462 1848 1520 immo
1860 1481 1939 1537 qoo-

580 1577 702 1634 cuuque
718 1559 824 1618 stilum
840 1561 942 1629 vertlt‚
957 1558 1087 1619 floridus
1108 1570 1156 1618 est
1171 1561 1316 1634 copiosus
1335 1561 1542 1634 disertusque.
1555 1578 1612 1616 nec
1627 1578 1761 1633 usquam
1782 1560 1939 1634 exemplo

580 1675 648 1714 rum
664 1656 756 1732 inops
776 1667 831 1714 aut
853 1658 968 1715 scaber,
1011 1657 1214 1731 Onopordum
1231 1659 1385 1731 quendam
1401 1657 1433 1714 in
1449 1656 1561 1713 Musas
1576 1656 1762 1714 Bucbanani
1776 1655 1942 1714 temerario

581 1752 693 1813 iudicio
708 1753 900 1812 involantem
913 1755 956 1812 ita
967 1756 1121 1830 depexum
1133 1754 1263 1812 reddidit
1273 1755 1481 1811 amarissimis
1494 1755 1548 1812 sed
1560 1772 1623 1810 una
1632 1753 1832 1811 suavissimis
1841 1752 1942 1828 elegis

580 1862 614 1909 ut
638 1852 741 1927 quivis
764 1852 852 1910 malit
877 1871 947 1911 esse
972 1851 1135 1911 Thersites
1158 1852 1189 1909 in
1215 1852 1345 1911 Graecia
1370 1871 1464 1926 quam
1491 1853 1522 1909 in
1552 1852 1717 1909 Britannia
1739 1851 1939 1926 Onopoedus.

582 1948 663 2025 Quid
678 1950 787 2024 loquar
801 1950 943 2024 querelas
960 1948 1172 2007 Saravictonis
1186 1960 1217 2007 et
1231 1949 1403 2007 Biomese?
1421 1949 1495 2023 quid
1509 1949 1687 2023 apologism
1705 1966 1762 2024 pto
1774 1947 1941 2007 obstetrice

581 2041 803 2116 Thaumantla,
823 2065 878 2122 pro
899 2047 1004 2104 nautis
1027 2046 1248 2115 Lethensibus,
1272 2065 1328 2121 pro
1349 2047 1512 2120 piscatore,
1533 2065 1589 2121 pro
1611 2046 1711 2104 Baldo
1732 2045 1939 2114 Dardanario,

582 2159 636 2216 pro
659 2142 773 2203 Daulio
795 2145 889 2204 Scoto
905 2145 1176 2219 ludaeomastige;
1198 2162 1293 2219 quam
1310 2144 1421 2219 lepide,
1437 2146 1490 2202 sed
1505 2154 1536 2202 et
1556 2162 1650 2218 quam
1672 2143 1772 2210 docte,
1794 2142 1940 2218 implorat

581 2258 672 2314 opem
695 2241 842 2300 adversas
857 2243 985 2300 iniurias
1000 2242 1116 2301 inimici
1131 2244 1294 2301 cuiusdam
1309 2261 1403 2317 quem
1422 2242 1711 2316 Brontotyphoeum
1725 2240 1883 2316 appellat!

663 2338 778 2397 Iterum
790 2358 884 2414 quam
895 2340 1029 2415 graviter
1039 2339 1175 2400 funebria
1186 2341 1305 2416 plangit
1316 2342 1398 2415 apud
1413 2340 1491 2397 Rob.
1505 2339 1685 2409 Batonium,
1693 2339 1778 2413 apud
1787 2337 1939 2413 Sophiam

584 2435 717 2511 Hayam‚
732 2436 823 2495 alios.
867 2437 932 2496 Nec
948 2437 1054 2494 minus
1069 2439 1151 2496 salse
1165 2439 1266 2496 omasi
1289 2441 1337 2496 sui
1351 2437 1591 2513 amplitudinem
1612 2437 1686 2494 alibi
1706 2446 1817 2508 tuetur,
1832 2435 1938 2492 sdver-

582 2551 634 2591 sus
648 2533 858 2594 cavillatorem
877 2536 1034 2610 quendam
1055 2535 1268 2594 macilentum.
1312 2536 1378 2595 Nec
1400 2537 1565 2611 quicquam
1586 2535 1752 2593 iucundius
1772 2534 1940 2593 reverenti-

582 2646 658 2688 usve
667 2629 768 2705 elegia
779 2650 839 2705 qua
852 2631 991 2690 Batavos
1003 2642 1113 2707 poetas
1127 2632 1242 2702 laudat,
1254 2633 1408 2708 imprimis
1421 2633 1600 2691 Barlaeum.
1643 2632 1691 2689 Ex
1701 2631 1940 2708 epigmmmatis

582 2736 706 2798 quaest
721 2726 808 2800 plura
830 2739 904 2785 suut
918 2738 949 2787 et
963 2740 1055 2788 acuta
1070 2747 1168 2786 unum
1183 2730 1366 2806 adjiciemus
1381 2733 1419 2789 de
1434 2729 1560 2790 inficeto
1570 2729 1790 2790 concionatore
1805 2728 1901 2806 Hylo.

1045 2825 1109 2904 Qui
1125 2826 1259 2884 domin
1271 2830 1391 2903 poros,¹
1407 2839 1465 2886 etc

662 2939 711 3000 On
736 2940 776 2999 D.
792 2940 1006 3000 Wedderburn
1030 2942 1229 3018 (Johnston's
1244 2941 1356 3019 friend)
1370 2944 1469 3003 Olaus
1484 2962 1577 3021 says:
1601 2942 1713 3018 Elegia
1727 2942 1796 3002 eius
1817 2941 1849 2999 in
1870 2940 1938 3000 Art

583 3035 768 3097 lonstonum
790 3049 839 3098 est
861 3037 951 3096 nobis
973 3038 1071 3098 instar
1092 3040 1234 3098 omnium
1257 3040 1287 3097 in
1311 3059 1372 3115 qua
1393 3041 1436 3098 ita
1458 3042 1571 3101 blande
1585 3039 1720 3116 insurgit
1741 3039 1786 3098 ita
1806 3037 1939 3098 facunde

580 3134 726 3208 queritur,
753 3136 796 3196 ita
822 3137 960 3196 suaviter
983 3135 1051 3195 finit
1077 3139 1230 3212 periodos,
1257 3149 1290 3197 ut
1316 3158 1354 3197 ne
1381 3139 1543 3199 Nasonem
1569 3138 1694 3214 quidem
1720 3137 1764 3196 its
1787 3136 1939 3197 cecinisse

581 3232 751 3304 poeniteret
772 3235 816 3313 (p.
842 3235 921 3313 159)·

1166 3333 1264 3391 Olaus
1288 3334 1467 3393 Borrichius
1488 3332 1751 3409 (Dissertationes
1770 3333 1809 3391 de
1831 3331 1938 3391 Poetis

1256 3431 1287 3488 in
1324 3431 1409 3507 regio
1442 3431 1610 3490 Hafnieusi
1648 3430 1752 3506 Lyceo
1786 3428 1936 3506 habitae),

1260 3530 1464 3600 Francofurti‚
1496 3534 1579 3590 1681.

1225 3706 1285 3765 111.

661 3833 732 3893 And
747 3834 818 3892 here
833 3835 918 3910 aptly
933 3837 1058 3910 enough
1074 3856 1179 3897 comes
1194 3859 1235 3915 up
1251 3840 1304 3898 the
1316 3859 1409 3898 name
1424 3838 1460 3898 of
1469 3857 1529 3899 one
1542 3840 1624 3910 who,
1641 3839 1701 3899 like
1714 3840 1855 3916 Barclay‚
1869 3858 1936 3897 was

580 3930 782 4007 sphysician‚
798 3951 816 3989 a
832 3942 914 4006 poet,
925 3933 985 3990 and
1004 3952 1043 3990 an
1060 3933 1589 4013 Aberdonian-Arrhurjohnston.
1636 3938 1696 3995 His
1711 3938 1834 4013 literary
1848 3936 1935 3995 char·

579 4027 751 4087 acteristics
767 4029 846 4088 have
861 4049 878 4087 a
894 4030 1018 4087 curious
1034 4032 1157 4105 parallel
1174 4034 1248 4091 with
1259 4035 1349 4093 those
1361 4035 1397 4093 of
1404 4036 1573 4108 Ausonius,
1586 4036 1656 4094 who
1667 4055 1733 4094 was
1742 4054 1761 4092 a
1772 4034 1935 4112 physicisn

578 4122 615 4185 of
626 4123 798 4185 Bordesux.
844 4126 926 4186 Both
949 4146 1033 4187 seem
1057 4140 1089 4186 to
1110 4128 1189 4188 have
1211 4134 1320 4190 turned
1343 4134 1429 4192 aside
1451 4133 1528 4193 from
1552 4135 1604 4193 the
1624 4134 1768 4211 ordinary
1782 4133 1882 4209 topics
1903 4131 1940 4192 of

579 4221 681 4283 heroic
701 4240 737 4283 or
758 4222 832 4300 lyric
855 4235 960 4302 poetry
976 4236 1008 4284 to
1031 4225 1156 4301 indulge
1177 4229 1208 4284 in
1225 4230 1327 4303 genial
1350 4231 1590 4291 reminiscences
1611 4231 1647 4292 of
1663 4232 1716 4293 the
1738 4252 1809 4291 men
1825 4251 1860 4291 or
1881 4233 1934 4291 the

579 4319 683 4396 places
703 4321 777 4399 they
792 4340 872 4383 were
893 4325 1070 4402 personally
1085 4323 1250 4386 interested
1273 4327 1314 4385 in.
1357 4328 1483 4406 Among
1501 4331 1685 4406 Johnston's
1706 4331 1875 4406 epigram,
1896 4349 1933 4389 ss

1071 4492 1079 4524 ¹
1093 4494 1143 4544 See
1155 4494 1206 4544 No.
1220 4495 1275 4544 Lx.
1286 4495 1317 4545 ot'
1325 4495 1383 4546 Vol.
1397 4497 1431 4550 11.
