4162 5842
922 597 1111 647 Erremus

885 773 914 818 1.
940 771 1146 821 DUMBARUS·

466 911 533 975 Sed
549 929 671 974 caecus
686 931 763 974 eum
780 909 823 975 sit
841 908 982 976 Veneris
998 932 1082 995 puer
1097 909 1161 976 iste
1178 909 1320 995 Cupido,

509 1012 575 1090 Illi,
593 1013 655 1090 dic,
670 1014 788 1079 oculos
803 1016 972 1098 quomodo
987 1013 1174 1099 surripias?

875 1272 906 1318 2.
936 1269 1147 1319 IONSTONUS.

463 1409 527 1472 Est
543 1427 626 1491 puer
641 1405 695 1473 hic
711 1427 853 1473 caecus:
877 1428 994 1473 verum
1011 1406 1100 1472 hunc
1117 1406 1285 1473 infantula
1301 1428 1452 1485 caecum,

507 1509 676 1594 Surreptis
692 1509 808 1586 oculis
824 1510 1059 1577 Abrenethaea
1074 1509 1178 1576 dedit.

876 1773 907 1836 3.
932 1769 1141 1818 uouemus.

461 1904 695 1970 Abrenethaea
710 1903 801 1970 dedit
817 1904 982 1971 caecum?
1006 1925 1084 1970 cum
1100 1902 1228 1969 lumine
1243 1925 1362 1970 cassus

505 2007 556 2074 Sit
573 2017 685 2085 natus,
704 2028 841 2073 caecum
858 2028 925 2091 qua
941 2005 1071 2072 ratione
1088 2006 1205 2073 dedit?

871 2275 901 2338 4.
931 2269 1142 2319 rossrosos.

459 2412 557 2496 Quod
574 2410 633 2477 tibi
651 2410 777 2476 finxisti
793 2420 912 2477 natum
930 2409 1003 2475 sine
1018 2409 1145 2476 lumine
1163 2410 1299 2475 Numen

502 2515 652 2594 Censeri,
669 2515 763 2581 nullo
779 2514 930 2593 crimine,
947 2513 1040 2600 talpa
1056 2525 1179 2600 potest.

872 2776 903 2843 5.
928 2776 1137 2825 nonninus,

457 2914 510 2980 Tu
527 2938 624 2999 mage
640 2915 818 2981 ridiculum
837 2917 972 2982 Numen
988 2915 1050 2995 tibi
1066 2916 1192 3001 fingere
1211 2924 1335 2992 tentas,

501 3020 563 3085 Cui
580 3031 659 3086 sunt
677 3021 809 3087 mortali
827 3020 956 3086 lumina
971 3023 1130 3105 adempta
1146 3041 1261 3085 manu.

867 3262 898 3326 6.
927 3276 1138 3326 rossrorros.

457 3412 611 3478 Mortalis
627 3433 693 3477 non
711 3422 773 3490 est,
790 3411 898 3478 oculis
914 3432 999 3496 quae
1015 3408 1145 3476 orbavit
1162 3409 1330 3482 Amorem,

499 3519 564 3583 Sed
583 3520 667 3597 Dea,
686 3529 766 3584 nata
784 3516 878 3592 Deis,
895 3526 928 3582 et
945 3515 1096 3600 paritura
1113 3516 1212 3612 Deos

869 3776 899 3843 7.
924 3773 1133 3823 nonninus.

455 3914 518 3980 Illa
536 3916 609 3980 Dea
626 3924 689 3991 est,
706 3923 764 3979 aut
780 3922 861 3979 nata
878 3912 972 3991 Deis,
988 3910 1179 3997 pariturave
1197 3909 1314 3987 Divos,

498 4019 701 4085 Luminibus
716 4018 800 4085 dicis
816 4039 918 4102 quam
934 4016 1080 4102 spoliare
1097 4017 1213 4081 Deos?

862 4253 893 4317 8.
922 4267 1134 4317 rossrorrus.

454 4407 655 4472 Luminibus
672 4407 767 4472 Deus
784 4405 847 4472 iste
864 4404 936 4471 suis
951 4425 1018 4470 non
1033 4401 1182 4488 indiget;
1208 4399 1255 4465 illi

497 4512 674 4577 Sufficiunt
691 4497 815 4588 casses,
832 4507 976 4586 vincula,
993 4506 1073 4585 tela,
1089 4506 1189 4572 iaces.

992 4613 1010 4660 s
