4162 5842
826 589 986 638 rarum
1011 577 1290 652 (superamur).
1376 641 1379 649 ,

512 742 548 807 Si
565 743 664 827 sapis,
680 744 763 809 haec
780 745 886 810 sterili
902 748 1033 829 praefer
1047 748 1250 814 commercia
1265 748 1393 826 caulae,

557 846 668 910 Prima
684 846 727 910 sit
743 847 929 913 instantem
950 850 1072 932 pellere
1088 872 1169 916 cura
1184 850 1343 916 famem.”

513 950 568 1016 Sic
585 951 736 1035 queritur
750 952 881 1031 coniux,
899 963 932 1018 et
948 953 1101 1039 coniugis
1117 956 1251 1021 aemula
1267 955 1387 1040 proles,

557 1053 653 1118 Haec
669 1054 771 1119 etiam
787 1055 868 1120 rixis
884 1056 1003 1122 miscet
1020 1067 1054 1122 et
1070 1057 1128 1123 illa
1144 1058 1265 1124 minas.

514 1156 581 1221 Hei
598 1157 692 1234 mihi,
710 1159 851 1237 custodi,
869 1162 1026 1244 pecudes,
1044 1160 1227 1227 succurrite
1243 1171 1366 1241 vestro,

555 1259 726 1323 Auxilium
743 1261 885 1326 ducibus
900 1261 984 1328 serre
1000 1272 1160 1328 tenentur
1175 1285 1265 1328 oves.

515 1363 590 1427 Hoc
607 1362 689 1425 mihi
706 1364 870 1428 debetur?
894 1365 989 1431 vobis
1004 1387 1066 1449 ego
1082 1387 1208 1450 pascua
1227 1376 1389 1445 monstro,

558 1466 688 1531 Pascua
704 1467 875 1552 Cecropiis
891 1469 1108 1534 anteferenda
1123 1469 1219 1534 favis.

514 1571 614 1633 Nunc
631 1591 709 1653 rego
725 1591 784 1654 per
798 1593 917 1656 rupes:
942 1594 1032 1637 nunc
1049 1573 1083 1636 in
1099 1572 1308 1639 convallibus
1324 1573 1412 1652 imis,

557 1674 704 1758 Carpitis
720 1676 915 1753 ambrosias,
932 1699 985 1742 me
1001 1676 1195 1754 comitante,
1210 1679 1325 1762 dapes.

513 1777 673 1842 Aestibus
689 1776 723 1841 in
740 1777 859 1843 mediis
874 1778 982 1844 fessas
998 1780 1040 1843 ad
1056 1778 1197 1844 flumina
1212 1781 1309 1858 duco,

560 1880 627 1945 Hic
644 1881 699 1946 ubi
716 1880 819 1945 divini
836 1882 982 1947 nectaris
998 1884 1089 1947 unda
1104 1882 1186 1947 fluit.

516 1985 582 2049 Hic
598 1988 714 2051 sedare
730 1985 822 2050 sitim
839 1986 891 2051 ias
906 1997 968 2064 est,
983 1996 1016 2052 et
1033 2008 1157 2070 ponere
1176 1987 1304 2064 sordes,

558 2088 729 2174 Quidquid
745 2098 778 2154 et
795 2089 964 2174 ingenitae
981 2111 1120 2174 corpora
1136 2089 1222 2155 labis
1238 2089 1377 2156 habent.

515 2192 668 2275 Siquam
685 2203 796 2258 tentat
812 2216 908 2258 ovem
925 2193 1066 2272 scabies,
1084 2216 1146 2278 ego
1163 2195 1346 2278 pharmaca
1361 2203 1507 2280 praesto,

559 2297 611 2360 Ne
627 2297 739 2381 gravis
754 2296 789 2361 in
805 2296 971 2380 reliquum
988 2308 1101 2381 serpat
1117 2297 1204 2362 ovile
1219 2297 1303 2362 lues.

516 2398 656 2463 Perdius
672 2408 705 2463 et
721 2421 847 2483 pernox
863 2393 965 2464 et'iam
983 2399 1204 2465 morientibus
1216 2402 1324 2477 adsto,

560 2504 605 2566 Et
622 2525 698 2567 cum
716 2524 782 2567 non
799 2512 940 2587 prosunt
958 2504 1149 2587 pharmaca,
1164 2504 1269 2568 fundo
1285 2525 1409 2588 preces.

516 2607 637 2670 Hostis
653 2608 695 2672 ab
711 2606 842 2672 insidiis
859 2607 1000 2672 miseras
1015 2607 1191 2672 defendere
1211 2606 1337 2683 caulas,
1351 2624 1366 2653 ’-
1385 2690 1389 2697 ἡ

559 2710 669 2793 Quam
686 2710 797 2794 gravis
813 2720 864 2775 est
881 2709 979 2776 nobis
999 2709 1254 2793 Herculeosque
1270 2709 1383 2776 laborl

517 2815 610 2880 Mille
627 2825 728 2899 caput
745 2816 904 2881 monstris
920 2816 1062 2893 obiecto,
1080 2814 1171 2880 mille
1187 2814 1331 2898 periclis,

560 2921 713 3003 Cumque
730 2920 818 3004 lupis
834 2919 954 3004 pavido
971 2940 1030 3003 pro
1045 2940 1145 3002 grege
1163 2918 1250 2983 bella
1265 2918 1381 3007 gero]

517 3025 604 3090 Cum
621 3024 706 3099 nive,
721 3045 797 3089 cum
815 3023 946 3108 pluviis,
961 3046 1037 3088 cum
1055 3023 1166 3089 ventis
1181 3044 1300 3106 aspera
1317 3029 1459 3107 surgunt

562 3127 703 3204 Proelia,
721 3129 800 3192 dum
817 3137 931 3211 partes
947 3126 1150 3192 excubitoris
1166 3147 1241 3209 ago.
1328 3136 1346 3229 j

519 3231 585 3295 His
600 3253 663 3316 ego
680 3253 740 3317 pro
756 3231 886 3296 meritis
905 3231 1015 3315 patior
1033 3229 1169 3305 ieiunia,
1187 3228 1340 3331 coniux·-¹

562 3335 691 3411 Esurit,
709 3345 741 3400 et
758 3335 885 3418 prolem
903 3342 1036 3417 torquet
1056 3331 1208 3397 acerbas
1206 3317 1342 3411 amesf,

519 3438 627 3503 Nocte
644 3448 860 3502 revertuntur
875 3436 981 3502 saturi
998 3456 1075 3501 cum
1092 3434 1256 3498 matribus
1273 3407 1377 3581 agni*²

562 3541 692 3606 Pastori
711 3541 836 3605 macies
852 3548 986 3624 asperat
1003 3548 1077 3604 atra
1092 3559 1209 3622 genas

518 3646 640 3711 Cetera
656 3655 832 3729 pastorum
849 3665 933 3728 gens
948 3644 1073 3727 gaudet
1090 3651 1180 3706 sorte
1197 3598 1384 3801 benigna(

563 3749 735 3831 Planaque
751 3757 830 3812 sunt
848 3746 895 3812 illi
912 3746 1012 3823 dolia,
1029 3746 1136 3811 farcta
1152 3765 1271 3828 penus.
1381 3804 1389 3857 ι

519 3852 583 3916 Illa
599 3873 678 3916 suas
694 3854 823 3928 tondet,
840 3850 934 3915 nullo
950 3850 1119 3935 culpante,
1137 3848 1302 3925 bidentes,
1387 3858 1402 3943 ’ζ

563 3957 608 4020 Et
625 3967 770 4032 saturas,
787 3955 881 4020 nullo
897 3953 1047 4030 crimine,
1065 3952 1193 4037 mulget
1211 3974 1302 4017 oves.

519 4060 650 4125 Pastori
667 4060 718 4125 bis
734 4059 853 4143 quinta
869 4061 970 4124 datur
984 4079 1071 4142 pars,
1086 4056 1157 4122 iure
1173 4058 1261 4141 quod
1278 4056 1366 4120 ultra
1382 4063 1433 4148 qst

563 4166 613 4229 Ad
630 4163 804 4228 dominum
821 4171 952 4246 spectat
970 4160 1224 4245 lanigerumque
1241 4180 1355 4243 pecus.

521 4270 603 4333 Pars
619 4267 701 4332 mihi
719 4288 804 4351 quae
820 4266 908 4332 cedit
924 4265 981 4330 vix
999 4274 1051 4330 est
1069 4263 1266 4339 centesima,
1284 4260 1401 4335 caulas

563 4373 619 4439 Sic
635 4394 698 4457 ego
713 4374 792 4437 dum
810 4380 930 4448 sector,
947 4391 1001 4435 res
1017 4368 1100 4434 mihi
1117 4388 1219 4452 parva
1235 4364 1325 4431 domi
1342 4346 1406 4467 est<

492 4511 533 4557 60.
552 4508 654 4571 Plana]
687 4505 899 4570 SoMrddelburg
910 4512 973 4555 text
1006 4503 1088 4553 Plena
1098 4517 1170 4552 more
1182 4499 1354 4566 approprrate
1399 4470 1421 4559 l<

492 4593 531 4653 63,
553 4591 597 4639 1312
609 4589 700 4656 quinta
717 4624 723 4638 .
742 4624 749 4637 .
767 4623 774 4637 .
793 4589 871 4653 para]
904 4580 1235 4649 Allusiontothepricstly
1245 4580 1332 4632 tithes.
1410 4584 1418 4651 ζ’

1411 4672 1420 4721 l
