4140 5834
1095 586 1366 636 urlumuun'rn.

786 1519 944 1584 CXLVI.
990 1518 1054 1581 AD
1081 1518 1324 1594 DOMINAM,
1351 1518 1415 1580 EX
1438 1518 1659 1584 ANGLICO.

677 1708 729 1772 Ne
744 1707 877 1790 rogites,
893 1728 1025 1771 roseum
1042 1705 1091 1770 soi
1108 1708 1188 1771 dum
1205 1706 1304 1772 iubar
1319 1706 1474 1790 explicat,
1492 1728 1574 1771 auro

723 1811 905 1896 Fulgentes
921 1811 1037 1888 atomi,
1055 1833 1121 1895 quo
1136 1811 1276 1876 volitare
1293 1822 1423 1895 parent.

679 1917 756 1981 Hoc
772 1915 854 1981 caeli
872 1938 1097 2000 superumque
1112 1916 1206 1981 favor
1222 1928 1255 1981 te
1272 1917 1408 2001 pulvere
1424 1918 1538 1994 donat,

721 2023 767 2087 Et
784 2023 901 2086 Venus
917 2021 1007 2086 hunc
1023 2022 1118 2086 cirris
1134 2021 1284 2106 implicat
1301 2021 1374 2105 ipsa
1391 2021 1469 2086 tuis.

679 2127 731 2191 Ne
747 2126 884 2210 rogites,
901 2146 968 2211 quo
983 2136 1099 2211 carpat
1116 2126 1180 2191 iter
1197 2126 1396 2202 Philomela,
1414 2126 1533 2210 pruina

722 2230 814 2294 Dum
831 2229 909 2307 ruit,
925 2238 958 2294 et
975 2229 1121 2312 patrium
1138 2239 1207 2293 stat
1223 2228 1295 2293 sine
1311 2229 1427 2293 fronde
1443 2251 1573 2294 nemus.

679 2332 744 2400 Illa
760 2334 810 2400 tui
826 2332 952 2419 liquido
968 2356 1004 2398 se
1019 2336 1169 2399 condens
1184 2333 1331 2418 gutturis
1346 2343 1444 2398 antro

724 2438 790 2503 Hic
807 2438 947 2514 hiemat,
963 2460 1103 2503 vernum
1119 2438 1228 2502 fundit
1245 2448 1278 2501 et
1295 2437 1371 2501 inde
1388 2437 1502 2502 melos.

681 2543 733 2605 Ne
749 2541 883 2625 rogites,
902 2565 968 2626 quo
986 2543 1085 2607 Flora
1102 2563 1196 2606 rosas
1213 2541 1356 2623 ableget,
1370 2543 1413 2606 ab
1429 2545 1532 2607 Arcto

723 2643 780 2708 Sol
798 2645 853 2710 ubi
870 2646 1014 2709 declives
1030 2646 1064 2709 in
1082 2646 1196 2709 Noton
1213 2655 1308 2726 urget
1324 2666 1436 2728 equos.

683 2745 759 2810 Hae
775 2745 836 2809 tibi
853 2767 888 2810 se
905 2747 1030 2810 sistunt
1045 2768 1052 2823 ;
1076 2756 1113 2811 tu
1131 2746 1222 2810 mille
1239 2747 1366 2811 rosaria
1379 2749 1504 2813 mundo

725 2848 870 2925 Sufficis,
887 2859 920 2913 et
937 2849 1056 2913 florum
1074 2849 1204 2914 semina
1220 2849 1311 2914 mille
1327 2850 1430 2916 foves.

682 2957 734 3021 Ne
750 2953 886 3038 rogites,
904 2953 1023 3018 rutilas
1039 2977 1105 3038 quo
1121 2965 1275 3039 mergant
1292 2956 1424 3040 gurgite
1440 2956 1596 3023 flammas

725 3060 853 3137 Sidera,
871 3081 956 3142 quae
973 3059 1049 3132 labi,
1065 3070 1163 3125 nocte
1180 3061 1312 3138 silente,
1328 3061 1433 3126 video.

682 3163 777 3228 Haec
792 3162 901 3228 oculis
916 3162 1006 3247 rapis
1022 3173 1113 3229 astra
1128 3164 1208 3241 tuis,
1225 3164 1278 3228 his
1293 3165 1430 3231 orbibus
1446 3166 1596 3244 haerent,
1657 3186 1664 3202 ·

725 3267 802 3330 Non
819 3288 916 3331 secus
932 3287 971 3330 ac
987 3266 1118 3350 superis
1134 3266 1244 3331 sidera
1260 3266 1326 3332 fixa
1342 3267 1435 3332 rotis.

682 3370 754 3434 Nec
770 3369 905 3452 rogites,
919 3369 1034 3434 nidum
1051 3369 1196 3453 phoenix
1212 3391 1255 3434 an
1271 3380 1346 3435 ture
1367 3371 1531 3436 calentem

725 3474 832 3535 Ponat
849 3473 882 3536 in
900 3474 982 3537 Eois
1000 3473 1215 3557 Hesperiisve
1232 3473 1347 3558 plagis.

682 3575 731 3637 Ad
749 3585 781 3637 te
797 3574 960 3639 festinans
976 3578 1069 3641 senio
1086 3579 1258 3642 confectus
1274 3578 1384 3655 inerti,

725 3676 805 3739 Ales
821 3677 853 3739 in
871 3679 1037 3743 ambrosio
1054 3680 1193 3763 liquitur
1208 3681 1262 3744 ille
1279 3682 1365 3746 sinu.
