4140 5834
1103 589 1371 639 briennum.

543 1196 756 1277 CXXXIII.
811 1193 1017 1262 CATELLI
1058 1194 1222 1258 ANNAE
1270 1193 1567 1270 GORDONIAE,
1605 1190 1911 1256 MARCHIONIS

1002 1313 1255 1382 HUNTLAEI
1294 1315 1466 1379 FILIAE.

685 1501 808 1585 Accipe
824 1523 901 1567 cum
919 1500 1043 1577 catula,
1060 1499 1183 1585 regalis
1198 1499 1303 1584 virgo,
1320 1499 1490 1574 catellum,

731 1608 824 1691 Quos
840 1627 860 1671 a
878 1604 1083 1670 Bennachiis
1099 1603 1203 1669 mittit
1222 1603 1319 1669 Eliza
1339 1603 1435 1688 iugis.

689 1709 830 1776 Femina
846 1710 981 1794 reginae
997 1708 1108 1785 titulo,
1126 1729 1199 1773 mas
1215 1708 1351 1774 nomine
1370 1707 1457 1792 regis

731 1814 875 1888 Gaudet,
890 1824 923 1878 et
939 1823 989 1877 est
1007 1833 1107 1876 sexus
1122 1812 1281 1896 splendor
1296 1822 1436 1895 uterque
1452 1811 1516 1876 sui.

591 1964 595 1980 ,
637 1946 640 1951 ·
689 1913 830 1979 Mollitie
846 1915 952 1979 violas
968 1923 1137 1998 superant,
1154 1916 1299 1980 candore
1314 1913 1467 1998 ligustra,

732 2017 843 2102 Terga
859 2019 968 2084 nitent
986 2018 1125 2103 Paphiis
1140 2019 1360 2084 vermiculata
1372 2017 1465 2084 rosis

692 2122 766 2185 Hos
782 2121 876 2186 canis
892 2121 990 2186 enixa
1006 2131 1069 2198 est,
1086 2120 1172 2187 caeli
1188 2143 1273 2204 quae
1289 2121 1439 2205 possidet
1455 2141 1559 2196 arces,

734 2225 833 2290 Nunc
850 2225 952 2289 decus
968 2234 1146 2301 astrorum,
1161 2223 1301 2308 virginis
1316 2236 1395 2288 ante
1412 2245 1536 2289 comes.

689 2328 753 2392 Est
769 2327 847 2392 felix
864 2328 1005 2393 nimium
1023 2327 1178 2411 genitrix,
1196 2327 1316 2392 tellure
1331 2327 1460 2404 relicta,

732 2430 861 2496 Lucida
878 2454 963 2515 quae
980 2432 1103 2496 meruit
1119 2433 1279 2496 scandere
1295 2431 1421 2515 templa
1439 2431 1540 2496 Iovis.

690 2533 875 2599 Fortunam
893 2546 1029 2619 superat
1045 2534 1218 2618 genitricis
1234 2534 1361 2619 pumila
1377 2533 1498 2618 proles,

734 2637 826 2701 Dum
843 2639 933 2703 subit
950 2648 1097 2714 auratos,
1115 2659 1199 2720 quos
1215 2637 1308 2714 colis,
1325 2638 1435 2715 Anna,
1452 2638 1547 2703 lares.

690 2738 811 2804 Nobile
827 2760 888 2822 par
903 2750 1015 2805 tecum
1032 2739 1139 2804 nitida
1155 2740 1301 2805 colludet
1317 2739 1351 2805 in
1368 2740 1458 2818 aula,

734 2843 858 2926 Carpet
874 2852 906 2907 et
923 2841 1118 2918 ambrosias,
1134 2854 1168 2908 te
1184 2844 1364 2921 tribuente,
1382 2845 1493 2929 dapes.

689 2944 754 3024 Tu,
771 2946 902 3030 quoties
917 2945 1029 3031 parvis
1045 2945 1206 3012 simulant
1223 2948 1403 3014 latratibus
1418 2949 1495 3025 iras,

735 3048 892 3134 Palpabis
908 3049 1005 3114 nivea
1022 3049 1129 3116 serica
1145 3060 1239 3135 terga
1255 3073 1370 3117 manu.

691 3152 792 3218 Basia
807 3153 875 3218 lors
891 3152 996 3218 roseis
1012 3154 1183 3219 audebunt
1199 3154 1283 3219 ferre
1299 3155 1441 3233 labellis,

734 3257 796 3322 Vel
813 3258 840 3321 si
858 3278 925 3323 non
941 3259 1076 3331 audent,
1092 3266 1140 3334 tu,
1160 3257 1244 3334 Dea,
1262 3257 1346 3322 forte
1362 3257 1467 3322 dabis.

692 3360 820 3425 Forsan
837 3372 870 3426 et
887 3362 1045 3426 invadent
1062 3360 1228 3444 gremium
1244 3361 1411 3445 fraterque
1431 3383 1599 3444 sororque,

733 3464 777 3525 Et
796 3463 894 3527 simul
912 3464 945 3527 in
963 3464 1054 3528 molli
1072 3474 1190 3529 stertet
1207 3474 1347 3547 uterque
1364 3465 1450 3529 sinu.

691 3563 837 3627 Numine
855 3587 914 3628 cur
929 3567 1038 3649 posito
1054 3588 1183 3649 pennas
1200 3567 1262 3631 sibi
1280 3568 1424 3649 sumpsit
1441 3568 1541 3632 oloris

735 3666 886 3746 Iuppiter
901 3679 932 3730 et
950 3670 1035 3733 torvi
1052 3692 1177 3734 cornua
1194 3671 1279 3735 flexa
1296 3672 1413 3736 bovis?

691 3767 726 3832 Si
744 3768 817 3849 quis
834 3781 924 3832 amat
943 3794 1110 3854 superum,
1129 3774 1226 3837 donis
1242 3775 1407 3839 similetur
1425 3775 1550 3853 Elizae,

731 3872 839 3948 Anna,
859 3883 916 3935 tuo
933 3875 1069 3956 propius
1086 3876 1113 3938 si
1132 3878 1224 3958 cupit
1243 3899 1299 3942 ore
1317 3878 1392 3943 frui.

674 4037 695 4072 1.
715 4023 839 4088 Regalis]
869 4025 905 4072 As
917 4025 995 4089 being
1006 4026 1037 4075 ol
1044 4027 1115 4090 royal
1128 4028 1243 4078 descent.

670 4121 694 4169 7.
712 4107 812 4168 Canis]
843 4106 959 4156 Allusion
972 4117 1000 4157 to
1012 4109 1055 4158 the
1067 4109 1119 4173 dog
1133 4110 1222 4160 Maera
1234 4110 1284 4160 and
1296 4112 1340 4161 the
1351 4113 1433 4176 virgin
1448 4114 1567 4179 Erigone.
