4162 5842
699 595 874 643 NUPTIALS
899 598 936 644 IN
963 597 1083 645 flouslc
1106 599 1152 645 OF
1175 598 1364 648 BOUILLON.

399 1172 493 1237 LVI.
527 1173 592 1236 DE
616 1173 846 1250 ARMILLA,
871 1173 1008 1257 QUAM
1037 1173 1266 1241 TURRAEA
1294 1179 1474 1244 SPONSO
1504 1176 1668 1243 DEDIT.

486 1404 572 1468 Sunt
589 1425 743 1487 gemmae
759 1424 837 1489 pars
853 1426 921 1471 una
936 1404 999 1483 tui,
1015 1426 1094 1489 pars
1109 1406 1216 1471 altera
1232 1406 1352 1485 crines,

527 1507 680 1586 Armilla,
697 1507 776 1573 hinc
792 1507 912 1591 ingens
928 1508 1035 1591 surgit
1052 1518 1085 1574 et
1102 1507 1179 1573 inde
1195 1508 1295 1575 nitor.

485 1612 649 1676 Gemmas
665 1611 794 1677 concha
809 1611 898 1689 tulit,
915 1633 981 1695 qua
998 1613 1167 1694 quondam
1184 1622 1293 1679 mater
1309 1615 1482 1692 Amorum,

530 1716 620 1780 Nata
636 1736 762 1791 recens,
782 1717 929 1800 Cyprum
948 1737 1007 1799 per
1023 1736 1114 1781 mare
1130 1726 1227 1781 vecta
1243 1716 1313 1782 luit.

485 1819 621 1883 Candor
636 1817 669 1880 in
686 1817 740 1881 his
755 1818 884 1892 niveus,
903 1818 992 1883 nitor
1007 1829 1069 1895 est,
1086 1817 1179 1883 fratri
1196 1819 1329 1884 aemula
1345 1820 1477 1902 qualem

528 1921 617 1985 Orbe
634 1920 763 1987 micans
780 1921 890 1986 medio
905 1922 1044 1987 fundere
1062 1924 1161 1987 Luna
1177 1922 1272 1987 solet.

486 2023 629 2088 Laevior
644 2023 696 2087 his
713 2046 779 2088 non
795 2034 858 2101 est,
876 2045 942 2089 non
952 2024 1032 2108 ipsa
1048 2025 1223 2089 rotundior
1237 2024 1326 2089 orbis

530 2126 701 2203 Machina,
719 2148 785 2191 non
804 2127 953 2211 Paphiae
970 2127 1078 2192 lactea
1098 2148 1246 2192 mamma
1263 2129 1357 2192 deae.

486 2231 645 2314 Nympha
661 2229 751 2294 dedit
768 2230 897 2304 crines;
924 2232 1040 2295 Mosae
1058 2230 1263 2295 Sedanensis
1281 2232 1323 2294 ad
1340 2232 1459 2306 undas,

530 2335 604 2396 Hos
621 2354 745 2417 sponso
761 2333 899 2415 laqueos
915 2333 1021 2397 texuit
1038 2333 1109 2398 ales
1124 2335 1239 2397 Amor.

486 2437 651 2504 Concolor
668 2436 851 2502 Heliadum
872 2436 1020 2502 lacrimis
1039 2457 1146 2512 coma,
1165 2437 1321 2502 concolor
1335 2458 1418 2502 auro
1433 2448 1496 2511 est,

529 2541 584 2615 Et,
600 2562 666 2623 quo
682 2540 867 2625 pinguntur
883 2562 961 2605 rura
978 2539 1112 2617 Cilissa,
1130 2561 1239 2604 croco.

485 2645 562 2708 Non
579 2643 663 2708 levis
679 2644 766 2709 hanc
782 2643 875 2708 tenui
893 2643 996 2708 vincit
1014 2642 1175 2727 lanugine
1192 2644 1325 2728 byssus,

529 2745 603 2810 Fila
621 2766 681 2810 nec
698 2744 837 2810 extremi
854 2745 937 2810 talia
954 2747 1053 2810 Seres
1069 2744 1205 2809 habent.

486 2850 557 2913 Nec
574 2850 630 2932 qui
647 2872 681 2913 se
698 2849 823 2913 circum
841 2848 1004 2932 glomerat
1025 2870 1086 2913 sua
1102 2848 1231 2914 viscera
1246 2850 1402 2934 bombyx,

530 2955 601 3018 Nec
617 2954 686 3018 lera
703 2954 899 3019 daedaleum
917 2974 1002 3035 quae
1020 2953 1102 3037 pede
1119 2952 1201 3017 texit
1219 2974 1314 3037 opus.

487 3056 558 3120 Nec
575 3077 673 3139 mage
690 3055 830 3120 subtiles
846 3078 901 3120 ars
916 3055 1012 3120 finxit
1031 3055 1174 3120 Lemnia
1190 3077 1313 3131 casseS,

530 3160 631 3224 Nuda
647 3159 821 3242 repentino
837 3181 913 3223 cum
933 3160 1007 3224 Dea
1023 3170 1123 3243 capta
1139 3159 1216 3223 dolo
1232 3168 1294 3226 est.

485 3263 581 3347 Quae
599 3262 739 3327 Rhodus
756 3262 789 3326 in
805 3284 909 3328 vacua
924 3263 1029 3328 fertur
1044 3284 1197 3328 servasse
1212 3263 1349 3339 tabella,

528 3364 627 3430 Talia
642 3364 808 3449 pictorum
824 3366 881 3431 fila
896 3365 1000 3431 luisse
1016 3375 1143 3449 putem.

488 3469 554 3534 Hic
573 3468 757 3535 Bereniceo
773 3469 896 3534 missus
912 3471 952 3534 de
968 3467 1092 3534 vertice
1109 3467 1223 3544 crinio,

530 3574 593 3639 Vel
610 3573 716 3639 cirrus
732 3573 886 3650 Veneris,
903 3573 955 3638 vel
971 3582 1042 3646 tua,
1061 3571 1207 3649 Phoebe,
1224 3592 1322 3637 coma
1338 3582 1400 3637 est.

476 3773 499 3822 5.
519 3759 600 3809 Fratri
613 3760 736 3821 aemula]
774 3757 884 3808 Aemula
892 3772 982 3822 agrees
993 3756 1056 3806 with
1069 3757 1153 3817 Luna,
1165 3756 1200 3821 by
1211 3757 1390 3823 anticipation,
1403 3774 1433 3810 or
1444 3758 1466 3809 is
1475 3758 1539 3811 used
1547 3758 1712 3824 adverbially.

465 3844 502 3890 ro.
522 3842 607 3904 Feta]
648 3839 776 3904 Probably
787 3840 832 3890 the
843 3840 935 3905 spider.

463 3925 502 3972 18.
523 3923 623 3986 Nuda]
662 3923 719 3972 The
731 3922 870 3974 adventure
887 3922 913 3970 in
930 3921 975 3971 the
992 3920 1081 3987 eigbth
1099 3921 1218 3987 Odyaeey
1229 3937 1259 3973 aa
1275 3932 1304 3973 to
1314 3923 1469 3988 entrapping
1479 3924 1569 3973 Venus
1581 3923 1634 3974 and
1646 3923 1718 3972 Mara

357 4004 483 4071 together.
