4140 5834
974 578 1135 625 annuntia
1159 562 1441 644 (SUPPLEMENT).

658 737 728 804 Cur
743 755 805 818 ego
820 755 888 800 non
905 743 1026 812 muter,
1043 755 1139 800 mens
1155 755 1232 800 cum
1250 744 1401 800 mutetur
1416 735 1558 801 herilis?

704 839 817 924 Erigis
833 849 866 904 et
882 838 979 904 vultu
996 860 1049 904 me
1065 837 1199 922 premis,
1217 840 1325 916 Anna,
1340 849 1411 904 tuo.

661 944 789 1008 Laetus
805 963 908 1020 eram,
925 963 979 1007 me
995 944 1075 1007 dum
1091 952 1261 1026 spectares
1277 942 1404 1007 lumine
1420 943 1563 1019 blando;

705 1048 804 1112 Nunc
820 1046 880 1112 tibi
896 1068 973 1112 cum
990 1046 1081 1111 frons
1097 1045 1140 1110 sit
1156 1045 1283 1123 nubila,
1300 1047 1395 1130 tingo
1411 1068 1527 1129 genas.

660 1153 777 1236 Nuper
791 1173 864 1236 ego,
880 1152 1015 1218 catulus
1029 1160 1142 1218 tecum
1160 1173 1249 1216 nunc
1266 1150 1350 1216 ludit
1367 1151 1401 1216 in
1418 1151 1508 1228 aula,

704 1256 821 1322 Stertit
837 1266 870 1321 et
887 1256 921 1321 in
939 1277 1034 1320 roseo
1050 1277 1171 1339 spurca
1187 1255 1309 1320 catella
1325 1255 1413 1320 sinu.

661 1360 749 1437 Huc,
767 1359 847 1424 illuc
864 1359 1038 1424 hominum
1055 1358 1143 1442 rapit
1159 1358 1387 1423 inconstantia
1403 1368 1545 1435 mentes,

704 1463 876 1529 Caelestes
891 1463 1023 1528 animas
1039 1484 1106 1528 non
1123 1465 1217 1528 decet
1235 1485 1309 1528 esse
1325 1463 1427 1528 leves.

660 1570 794 1633 Gaudet
811 1569 921 1633 adhuc
938 1588 1067 1651 pavone
1084 1589 1145 1632 suo
1161 1588 1324 1651 germana
1339 1566 1518 1644 Tonantis,

705 1670 834 1753 Estque
852 1669 1025 1735 Dionaeae
1040 1680 1136 1752 grata
1152 1669 1308 1734 columba
1326 1670 1427 1733 Deae.

662 1774 744 1850 Nec,
762 1773 824 1839 sibi
838 1795 936 1856 quem
954 1772 1046 1857 legit,
1063 1794 1200 1838 corvum
1216 1772 1345 1838 fastidit
1363 1772 1494 1856 Apollo,

704 1879 771 1942 Aut
787 1877 934 1960 aquilam
951 1899 1108 1962 superum
1125 1898 1181 1941 rex
1198 1876 1439 1961 hominumque
1454 1887 1558 1961 pater.

662 1981 741 2046 Pica
757 1981 879 2065 loquax
896 1983 1081 2056 Bacchum,
1097 1981 1241 2047 delectat
1259 1982 1347 2047 bubo
1365 1981 1565 2057 Minervam,

705 2085 756 2151 Sit
773 2086 850 2152 licet
867 2086 983 2172 aligeri
998 2089 1144 2154 dedecus
1160 2086 1217 2152 ille
1234 2087 1356 2171 gregis.

660 2192 723 2255 Ast
739 2190 798 2256 tibi
816 2191 869 2256 cui
885 2212 1002 2276 regum
1018 2213 1126 2276 genus
1141 2202 1175 2256 et
1191 2190 1346 2256 caelestis
1362 2189 1455 2274 origo
1475 2200 1537 2268 est,

705 2295 805 2359 Nunc
820 2295 915 2360 canis
931 2295 964 2360 in
981 2295 1089 2379 pretio
1105 2305 1166 2371 cst,
1185 2294 1356 2359 Psittacus
1372 2304 1451 2358 ante
1466 2292 1539 2358 fuit.

661 2396 726 2473 Ah,
743 2418 806 2482 ego
821 2397 900 2481 quid
918 2397 1049 2463 merui?
1097 2398 1201 2462 Nullo
1216 2407 1249 2461 te
1266 2396 1404 2461 crimine
1424 2396 1517 2474 laesi,

707 2499 806 2578 Diva,
823 2501 873 2566 tui
889 2501 923 2567 ni
939 2501 1007 2566 fors
1023 2501 1123 2584 culpa
1139 2510 1276 2584 putetur
1290 2521 1395 2564 amor.

663 2599 762 2665 India
777 2623 831 2667 me
846 2603 975 2686 genuit,
995 2603 1160 2668 Phoebeis
1176 2601 1311 2667 subdita
1326 2601 1484 2679 flammis,

707 2703 806 2767 Nunc
821 2713 934 2768 tecum
951 2705 1052 2788 gelidi
1069 2705 1144 2769 vivo
1160 2705 1221 2769 sub
1237 2725 1299 2769 axe
1315 2704 1393 2788 poli.

663 2806 805 2873 Finibus
821 2804 861 2873 in·
871 2807 990 2891 patriis
1006 2807 1072 2872 vixi
1088 2829 1145 2872 rex
1160 2808 1233 2892 ipse
1249 2807 1434 2886 volucrum,
1519 2859 1522 2865 ,

707 2910 774 2977 Hic
789 2909 850 2977 tibi
865 2911 920 3009 me
936 2911 1098 2976 famulum
1117 2912 1389 2996 mancipiumque
1405 2912 1507 2978 vides.

663 3013 765 3080 Liber
780 3014 1079 3105 eram,'pennaque
1093 3015 1158 3080 levi
1173 3037 1233 3099 per
1249 3014 1349 3081 inane
1366 3016 1503 3093 ferebar,

706 3121 782 3204 Quo
798 3119 927 3189 lubuit·:
950 3141 1040 3186 nunc
1057 3141 1111 3186 me
1127 3141 1241 3185 carcer
1256 3122 1386 3185 ahenus
1402 3121 1511 3186 habet.

664 3222 779 3289 Incola
795 3208 956 3311 silvariim
973 3223 1062 3289 dulci
1077 3224 1237 3289 vescebar
1252 3245 1398 3302 amomo,

707 3328 806 3393 Nunc
822 3329 919 3413 dape,
937 3327 1051 3392 nescio
1067 3349 1143 3411 qua,
1161 3326 1284 3410 pellere
1301 3336 1396 3392 tento
1412 3326 1549 3404 famem.

664 3432 703 3495 In
720 3432 828 3513 patria
845 3434 1011 3515 speranda
1027 3432 1088 3496 fuit
1105 3453 1181 3496 cum
1199 3432 1290 3515 prole
1307 3431 1440 3507 marita,

708 3533 774 3597 Hic
791 3555 852 3614 ego
869 3555 930 3599 nec
947 3535 1078 3611 coniux,
1097 3557 1157 3599 nec
1173 3546 1270 3618 pater
1285 3557 1357 3598 esse
1375 3556 1471 3617 queo.

664 3635 729 3698 His
745 3656 806 3717 ego
823 3657 883 3718 pro
899 3638 1027 3701 meritis
1043 3640 1164 3702 catulis
1181 3639 1247 3702 iam
1265 3641 1381 3702 cedere
1397 3659 1516 3719 cogor:

708 3740 782 3801 Has
798 3738 858 3801 tibi
876 3738 1022 3814 delicias,
1040 3763 1099 3822 pro
1116 3743 1233 3823 pudor,
1251 3744 1360 3818 Anna,
1378 3740 1471 3823 legis

663 3843 732 3908 Cur
748 3840 818 3905 avis
835 3841 1002 3905 humanas
1019 3844 1117 3906 didici
1135 3866 1333 3928 componere
1350 3865 1459 3921 voceS,

706 3947 883 4028 Verbaque
900 3946 1081 4028 pennigero
1099 3969 1164 4011 non
1182 3950 1264 4014 bene
1282 3959 1362 4012 nota
1378 3949 1504 4012 choro?

663 4052 732 4115 Cur
747 4071 808 4134 ego
825 4050 995 4115 blanditus
1011 4051 1071 4114 tibi
1089 4055 1189 4116 sum?
1239 4054 1423 4117 Plaudente
1440 4053 1581 4136 popello,

707 4154 794 4239 Quid
810 4154 911 4218 toties
927 4154 1082 4218 dominae
1099 4155 1207 4219 dicere
1224 4157 1318 4233 iuvit,
1336 4157 1430 4220 Ave?

521 4438 538 4479 ι
636 4428 672 4463 11.
695 4414 763 4460 Dum
775 4416 925 4476 spectares]
959 4415 998 4463 On
1011 4414 1062 4462 this
1074 4429 1200 4478 sequence
1213 4415 1276 4463 aster
1289 4415 1403 4476 “dum''
1416 4431 1459 4464 see
1471 4424 1532 4463 note
1544 4416 1569 4464 in
1582 4415 1639 4464 Vol.
1653 4417 1673 4465 l.
1689 4432 1712 4479 p.
1726 4430 1765 4476 55.

637 4508 676 4557 23.
696 4494 795 4558 Regum
806 4496 911 4558 genua]
944 4495 986 4559 Cf.
1000 4495 1107 4559 Regalis
1117 4496 1198 4558 virgo,
1211 4511 1235 4558 p.
1251 4498 1306 4558 184,
1318 4511 1347 4544 as
1358 4505 1386 4545 to
1399 4497 1490 4546 House
1501 4496 1531 4545 os
1539 4496 1653 4546 Gordon.
