4162 5842
783 600 945 651 ramnes
969 582 1247 665 (supersuitur).

626 760 750 828 CLIV.
787 778 819 826 a.
847 756 1089 826 APOLOGIA
1115 755 1401 825 CATELLINA.

468 961 625 1039 Psittace,
641 982 701 1027 cur
718 959 913 1039 Dominam,
929 979 991 1045 par
1005 958 1059 1025 cui
1075 957 1160 1024 nihil
1175 956 1319 1041 adspicit
1334 956 1462 1035 aether,

509 1068 579 1133 Cur
594 1065 726 1132 catulos
742 1072 851 1131 rostro
866 1073 937 1130 tam
953 1063 1129 1151 petulante
1145 1062 1248 1129 feris?

467 1170 556 1256 Quid
572 1169 644 1248 tibi,
661 1180 729 1234 non
744 1177 861 1253 aptam
877 1167 1017 1246 volucri,
1034 1176 1157 1243 movet,
1171 1165 1333 1250 improbe,
1350 1164 1477 1232 bilem?

511 1274 646 1340 Scilicet
662 1273 775 1351 odisti,
792 1295 877 1357 quos
891 1282 985 1339 amat
1001 1274 1111 1350 Anna,
1128 1291 1241 1337 canes.

467 1380 537 1446 Cur
552 1380 661 1463 legem
678 1377 878 1462 praescribis
893 1376 1019 1442 berae?
1065 1377 1136 1442 Cur
1149 1373 1235 1439 ferre
1250 1393 1387 1440 recusas

510 1484 604 1568 Quos
620 1481 740 1547 merito
755 1481 868 1567 generi
885 1479 1043 1565 praetulit
1060 1478 1117 1544 illa
1132 1480 1216 1544 tuo?

465 1585 520 1652 Tu
536 1588 671 1670 plumas
685 1584 793 1651 iactas
808 1584 943 1663 virides,
959 1583 1169 1667 miniataque
1184 1582 1284 1662 colla,

508 1691 698 1775 Tinctaque
715 1689 862 1756 Sidoniis
878 1710 976 1755 crura
991 1687 1117 1754 tenella
1131 1687 1236 1754 cadis.

467 1795 503 1862 Si
520 1795 611 1861 color
626 1795 661 1860 in
677 1793 785 1879 pretio
801 1803 865 1871 est,
881 1802 1036 1858 nostrum
1052 1813 1130 1879 pars
1146 1813 1214 1858 una
1229 1790 1391 1877 ligustris,

510 1901 593 1964 Pars
608 1920 741 1984 quoque
756 1897 909 1983 puniceis
924 1896 1073 1964 cernitur
1087 1918 1196 1981 aequa
1211 1896 1307 1962 rosis.

466 2005 553 2070 Sunt
570 2003 691 2087 quibus
706 2001 838 2088 argenti
854 2001 944 2066 nitor
958 2011 1022 2079 est,
1039 2011 1072 2066 et
1088 2000 1199 2066 fusilis
1214 1999 1298 2079 auri,

510 2107 671 2190 Pictaque
688 2105 840 2192 Coryciis
855 2105 967 2172 lucida
982 2114 1078 2190 terga
1093 2104 1208 2171 crocis

467 2213 541 2276 Hos
556 2213 648 2276 color
662 2210 777 2276 electri
794 2212 1020 2289 commendat,
1036 2209 1212 2276 ianthinus
1227 2209 1314 2288 illos,

509 2317 657 2399 Parsque
672 2315 772 2382 refert
788 2315 935 2398 plumas,
950 2314 1022 2381 ales
1037 2313 1162 2398 inepte,
1178 2323 1269 2379 tuas.

466 2421 537 2485 Nec
554 2420 645 2485 color
660 2429 712 2485 est
729 2440 836 2498 unus;
860 2419 1010 2504 virgatos
1025 2440 1126 2503 saepe
1141 2419 1293 2497 catellos,

508 2525 554 2589 Et
571 2522 744 2589 tessellato
760 2544 898 2608 corpore
914 2544 1014 2607 saepe
1029 2522 1134 2589 vides.

464 2626 618 2693 Candida
634 2626 682 2692 sic
698 2626 831 2693 radiant
846 2625 957 2691 rutilis
972 2625 1122 2691 interlita
1139 2625 1248 2712 guttis

509 2731 690 2808 Marmora,
707 2741 848 2796 naturae
865 2729 1067 2797 luxuriantis
1082 2751 1180 2815 opus.

466 2835 543 2899 Non
559 2834 657 2901 aliter
671 2836 842 2901 volucrem
858 2834 967 2922 pinxit
984 2834 1074 2901 lovis
1089 2834 1206 2901 inclita
1221 2833 1355 2914 coniux,

511 2939 575 3003 Pro
591 2937 720 3003 meritis
735 2939 852 3005 oculos
868 2939 922 3005 cui
937 2939 1041 3018 dedit,
1058 2941 1157 3025 Arge,
1173 2949 1263 3006 tuos.

464 3038 582 3128 Tange
598 3042 695 3127 pilos,
712 3041 803 3109 iures
817 3043 1011 3110 amaranthi
1026 3043 1159 3110 vincere
1174 3043 1309 3122 floccos,

509 3149 555 3211 Et
572 3148 672 3212 modo
687 3147 859 3214 nascentis
874 3148 931 3214 fila
947 3147 1072 3214 tenella
1087 3147 1187 3214 croci.

465 3249 565 3316 Talia
581 3252 762 3337 bombyces
777 3252 936 3318 evolvunt
952 3251 1111 3330 stamina,
1127 3250 1207 3317 talis

509 3356 619 3420 Aurea
638 3355 811 3441 Phryxeae
827 3356 906 3422 lana
922 3355 1069 3442 bidentis
1084 3364 1167 3420 erat.

466 3456 502 3522 Si
518 3457 613 3523 locus
628 3469 679 3523 est
696 3458 834 3537 meritis,
847 3458 1013 3525 famulum
1028 3469 1062 3524 te
1078 3458 1171 3524 nulla
1188 3460 1350 3536 Dearum,

509 3561 659 3627 Delicias
675 3562 756 3646 legit
771 3571 806 3628 te
821 3562 885 3629 sibi
902 3584 1002 3628 nemo
1018 3563 1139 3629 Deum.

466 3667 538 3731 Nos
553 3665 680 3732 laribus
695 3687 779 3752 gens
794 3688 891 3733 sacra
906 3688 1035 3746 sumus,
1052 3689 1115 3732 nos
1132 3665 1253 3732 Martis
1267 3665 1397 3733 alumni

509 3770 696 3849 Credimur,
714 3780 746 3836 et
763 3769 898 3838 Triviae
913 3781 1010 3857 grata
1025 3781 1162 3838 caterva
1178 3772 1284 3839 Deae.

468 3872 628 3953 Psittace,
645 3896 746 3941 nemo
761 3885 839 3942 tuas
854 3875 964 3943 evexit
980 3876 1014 3941 in
1029 3876 1168 3943 aethera
1183 3876 1328 3961 plumas,

509 3979 549 4041 In
566 3977 661 4043 caelo
675 3978 802 4063 gemini
819 3978 986 4064 conspicis
1001 4001 1060 4047 ora
1076 3979 1181 4047 canis.

466 4080 539 4146 Nos
554 4101 662 4165 genus
678 4080 811 4147 illorum
827 4082 998 4149 thalamos
1016 4103 1191 4149 servamus
1208 4082 1343 4160 heriles,

509 4183 702 4250 Stemimur
716 4194 750 4251 et
766 4184 882 4253 niveos
897 4185 1036 4271 virginis
1052 4188 1261 4274 antepedes.

438 4454 475 4506 ιθ.
495 4453 641 4507 Tessellato
652 4458 780 4521 corpore]
812 4456 871 4509 The
881 4457 1006 4510 socalled
1022 4458 1128 4511 “coach
1139 4457 1228 4525 doga”
1244 4459 1428 4512 montbebere
1439 4467 1535 4514 meant.

438 4548 479 4597 3ο.
497 4536 601 4588 Gemini
612 4538 705 4603 canu]
739 4539 920 4604 monam
931 4540 1013 4592 Sirius
1023 4540 1069 4593 the
1079 4539 1193 4606 dogstar.
