4162 5842
840 595 1003 645 emeca
1026 582 1308 664 (surresusur).

528 747 588 813 Vir
603 749 766 816 famulam
783 752 915 836 quoties
930 754 1029 820 oculo
1044 757 1198 841 propiore
1214 768 1341 836 tuetur,

573 854 733 939 Legitimi
749 855 837 922 iurat
853 854 989 925 vincula
1004 870 1105 945 rupta
1121 861 1194 926 tori.
1314 876 1320 884 '

530 959 627 1024 Prole
642 961 779 1025 domum
796 962 901 1046 replet
918 963 1050 1042 mulier,
1066 965 1206 1031 florente
1223 964 1371 1045 iuventa,

573 1065 619 1128 Et
635 1065 757 1130 studiis
773 1076 887 1150 partas
903 1069 1128 1154 depopulatur
1145 1093 1234 1155 opes.

530 1169 625 1235 Uxor
640 1191 726 1235 anus
741 1171 828 1236 tussi
846 1173 964 1239 Musas
980 1184 1144 1259 ructuque
1159 1175 1291 1260 fatigat,

571 1276 639 1338 Aes
655 1296 795 1358 quoque,
811 1277 891 1341 dum
908 1277 1057 1343 medicos
1073 1279 1227 1354 consulit,
1243 1300 1342 1344 omne
1357 1278 1456 1364 perit.

529 1377 640 1460 Quam
657 1378 745 1443 male
760 1379 954 1464 coniugium
973 1382 1148 1446 Musarum
1165 1382 1262 1446 cedat
1278 1380 1437 1459 alumnis,

573 1482 723 1547 Socratis
737 1483 891 1567 exemplo
907 1484 1034 1549 discere
1050 1484 1115 1549 tiro
1129 1496 1254 1569 potest.

531 1584 635 1663 lllius,
651 1587 705 1665 ah,
720 1587 863 1653 thalami
878 1588 958 1654 rixis
974 1588 1139 1673 patientia
1154 1589 1245 1656 victa
1260 1599 1323 1667 est,

574 1690 619 1754 Et
635 1690 757 1755 domus
771 1691 897 1756 afflicto
913 1692 1108 1757 camificina
1123 1692 1198 1758 luit.

531 1793 602 1858 Nec
619 1795 709 1859 mala
724 1796 882 1862 connubii
897 1815 990 1861 ¹mors
1006 1806 1134 1881 nuptae
1149 1797 1329 1864 terminat:
1355 1818 1448 1873 uxor,

575 1897 641 1962 Hei
657 1899 751 1977 mihi,
770 1910 845 1984 post
862 1901 990 1965 cineres
1007 1922 1107 1986 saepe
1124 1901 1267 1967 molesta
1282 1901 1353 1966 viro
1368 1911 1432 1966 est.

530 2002 681 2088 Coniuge
698 2004 832 2070 sublata
848 2005 940 2071 flevit
956 2005 1158 2072 miserabilis
1175 2007 1342 2091 Orpheus,

573 2108 666 2174 Vidit
682 2119 715 2174 et
732 2110 822 2175 hunc
841 2112 1005 2194 Rhodope
1020 2120 1119 2175 nocte
1136 2111 1255 2194 dieque
1270 2110 1373 2195 queri.

531 2213 610 2277 Mox
627 2213 682 2278 ubi
694 2213 852 2279 lamentis
870 2215 1056 2299 Rhodopen
1073 2215 1275 2299 complesset
1292 2225 1325 2280 et
1347 2216 1512 2290 Hebrum,

572 2315 664 2381 Trux
680 2319 775 2383 dolor
789 2320 832 2383 ad
849 2319 987 2403 Stygias
1003 2341 1133 2384 currere
1150 2318 1247 2383 iussit
1265 2340 1380 2402 aquas.

528 2416 663 2485 Terruit
680 2419 734 2485 hic
750 2430 863 2487 vatem
880 2422 945 2486 tria
962 2423 1113 2506 pandens
1129 2423 1295 2488 Cerberus
1311 2442 1380 2499 ora,

574 2524 766 2609 Inlemique
783 2525 888 2603 lacus,
904 2526 1200 2609 Eumenidumque
1218 2526 1321 2591 faces.

530 2629 613 2695 lnde
629 2631 748 2713 pedem
765 2629 922 2706 referens,
940 2629 1066 2694 amissa
1082 2628 1224 2714 coniuge
1240 2650 1357 2694 rursus

572 2735 682 2818 Quam
699 2734 947 2800 miserabilibus
962 2734 1082 2819 polluit
1098 2755 1157 2799 ora
1173 2733 1300 2799 modisl

530 2837 714 2914 Mensibus,
732 2837 807 2912 heu,
823 2848 953 2922 septem
970 2837 1092 2903 deserti
1109 2839 1150 2902 ad
1168 2836 1359 2922 Strymonis
1378 2837 1485 2901 undas

573 2938 702 3003 Flevit:
726 2949 797 3004 erat
814 2939 936 3004 coniux
952 2939 1063 3004 omnis
1079 2939 1171 3023 origo
1188 2939 1277 3003 mali.

528 3041 590 3118 Ah,
607 3062 707 3118 soror,
723 3043 778 3119 ah,
796 3051 929 3107 nostros
945 3042 1014 3106 noli
1031 3042 1079 3106 sic
1095 3043 1232 3126 perdere
1249 3041 1359 3105 cives:

572 3146 661 3228 Apta
676 3145 745 3209 tuis
760 3145 907 3210 flammis
923 3155 1059 3229 pectora
1075 3144 1183 3229 plebis
1204 3145 1319 3208 habes.

529 3247 618 3313 Bina
634 3258 714 3312 tuus
729 3248 792 3312 lert
808 3248 877 3313 tela
893 3270 987 3332 puer,
1004 3248 1084 3313 facit
1101 3247 1184 3311 illud
1200 3267 1361 3322 amorem,

575 3353 650 3416 Hoc
666 3351 772 3435 lugat,
789 3352 853 3416 hac
870 3362 1000 3436 mystas
1016 3349 1153 3433 cuspide
1169 3359 1272 3433 tange
1287 3368 1392 3412 meos.

519 3585 573 3634 ¹17·
593 3570 759 3634 Strymonia]
791 3570 896 3634 closely
906 3570 1006 3621 follows
1018 3569 1062 3620 the
1074 3569 1200 3634 lootsteps
1213 3569 1243 3618 ol
1251 3567 1332 3633 Virgil
1344 3568 1370 3618 in
1382 3568 1487 3633 Georg„
1500 3567 1545 3617 1v.
1557 3569 1615 3631 508,
1626 3575 1676 3619 etc.
