4162 5842
1055 578 1324 629 aerumnam.

568 986 782 1053 LXXXVII.
820 985 885 1049 DE
911 980 1076 1050 HORTO
1102 979 1313 1050 PATRICll
1341 982 1548 1058 BLACKII,
1574 980 1810 1047 SARTORIS

1117 1105 1268 1172 REGII.

644 1351 774 1415 Hortus
790 1348 844 1415 hic
860 1358 911 1414 est
929 1347 1058 1424 Blacki,
1076 1357 1210 1414 montes
1226 1348 1312 1414 situs
1327 1348 1415 1413 inter
1429 1357 1462 1413 et
1480 1348 1599 1423 undas,

685 1453 785 1520 Orbis
800 1462 833 1518 et
849 1461 1000 1518 extremo
1015 1473 1122 1537 paene
1139 1453 1202 1518 sub
1218 1474 1279 1518 axe
1295 1453 1421 1517 iacens.

643 1557 709 1623 Hic
725 1556 931 1641 ferrugineas
945 1556 1063 1633 violas,
1079 1566 1241 1641 argentea
1257 1555 1384 1640 passim

687 1660 754 1726 Hic
770 1660 852 1745 legis
868 1660 1048 1726 auricomis
1064 1660 1133 1726 lilia
1149 1661 1254 1726 mixta
1270 1660 1365 1725 rosis.

643 1764 810 1831 Puniceos
825 1763 912 1829 inter
928 1763 1032 1848 spirat
1048 1762 1219 1829 narcissus
1235 1764 1370 1841 ocellos,

686 1867 824 1934 Muricis
840 1867 874 1932 hi
891 1866 1057 1944 flammas
1074 1877 1231 1953 provocat
1248 1867 1304 1932 ille
1324 1868 1429 1933 nives.

641 1970 824 2038 Caeruleas
840 1969 985 2055 aquileia
1000 1969 1112 2036 virens
1128 1969 1182 2037 hic
1198 1970 1342 2055 explicat
1361 1971 1452 2047 alas3

686 2075 753 2141 Hic
769 2074 831 2140 flos
848 2074 989 2141 Oebalio
1004 2074 1168 2159 sanguine
1183 2075 1289 2141 tincte
1306 2077 1418 2141 rubes.

642 2179 719 2245 Sive
734 2199 950 2264 papavereos,
967 2200 1027 2244 seu
1044 2177 1177 2263 quaeris
1194 2179 1339 2245 Paeonis
1355 2179 1462 2263 ignes,

688 2282 755 2348 Hic
771 2302 848 2347 curn
866 2282 1032 2348 Paeoniae
1048 2282 1129 2349 llore
1145 2303 1294 2367 papaver
1311 2283 1427 2348 habes.

645 2385 711 2450 Hic
728 2383 843 2450 rutilat
860 2384 984 2450 Veneri
1001 2387 1170 2469 quondam
1187 2384 1330 2451 dilectus
1347 2385 1485 2461 AdoniS,

689 2489 809 2571 Hanc,
820 2489 1032 2566 amaranthe,
1048 2498 1108 2554 tuo
1124 2488 1249 2554 murice
1265 2488 1377 2573 pingis
1392 2489 1546 2553 humum.

645 2591 716 2656 Nec
732 2592 853 2656 desunt
869 2590 1007 2675 tulipae,
1024 2612 1086 2656 nec
1102 2592 1193 2656 mille
1210 2591 1377 2657 coloribus
1393 2591 1451 2655 iris

686 2693 827 2760 Caelum
844 2693 994 2771 imitans,
1011 2704 1143 2778 sceptro
1160 2717 1221 2761 nec
1237 2694 1391 2760 diadema
1407 2717 1532 2760 comes

643 2795 776 2881 Aspicis
790 2808 823 2862 et
840 2807 980 2883 myrtos,
996 2807 1029 2862 et
1046 2807 1201 2863 amantes
1217 2799 1367 2863 carmina
1384 2798 1507 2876 lauros,

688 2903 782 2967 Inter
795 2911 829 2967 et
845 2902 1002 2969 hibernas
1021 2903 1188 2969 luxuriare
1208 2925 1312 2969 rosas.

645 3004 712 3071 Hic
727 3005 800 3090 pira
815 3005 903 3071 llava
919 3006 1026 3071 nitent
1043 3017 1076 3071 et
1092 3007 1205 3072 baccis
1221 3007 1356 3073 caerula
1372 3009 1475 3085 licus;

688 3107 756 3174 Hic
772 3108 832 3174 lita
848 3107 1018 3175 Thisbaeo
1034 3109 1199 3194 sanguine
1216 3132 1309 3176 mora
1324 3113 1458 3177 rubent.

646 3211 713 3277 Hic
729 3233 844 3277 roseas
860 3211 948 3277 inter
963 3234 1107 3290 cerasos,
1125 3234 1210 3296 quae
1228 3213 1356 3279 Punica
1374 3214 1487 3291 tellus,

686 3317 847 3402 Quaeque
861 3315 954 3382 ferax
970 3316 1074 3382 mittit
1093 3317 1217 3394 Media,
1233 3339 1334 3402 poma
1350 3317 1453 3384 vides.

646 3417 712 3482 Hic
729 3440 848 3484 nemus
864 3419 995 3485 Alcinoi
1012 3429 1156 3504 spectas,
1174 3430 1206 3486 et
1224 3421 1386 3486 Adonidis
1405 3422 1532 3498 hortos,

687 3520 854 3605 Quicquid
869 3534 902 3588 et
922 3523 1148 3608 Hesperidum
1166 3524 1304 3609 protulit
1320 3525 1431 3590 almus
1447 3546 1537 3608 ager.

645 3623 758 3689 Stulta
775 3624 834 3690 tibi
851 3627 992 3693 nimium
1010 3629 1077 3693 noli
1096 3631 1227 3696 Natura
1242 3629 1397 3714 placere:

689 3729 784 3795 Haec
800 3751 865 3808 ars,
882 3741 915 3797 et
931 3733 1057 3798 domini
1074 3735 1215 3801 daedala
1231 3735 1337 3819 pinxit
1354 3757 1446 3800 acus.

635 3983 656 4018 1.
675 3970 781 4019 Montes
792 3968 858 4019 situs
869 3968 958 4033 inten]
990 3970 1055 4021 This
1072 3987 1156 4023 seems
1173 3982 1201 4022 to
1218 3988 1293 4024 mean
1308 3979 1325 4002 ‘¹
1333 3989 1367 4024 on
1386 3972 1534 4023 Scotland’s
1550 3971 1648 4038 rugged
1664 3970 1778 4029 strand,’'
1797 3985 1826 4020 so
1844 3984 1874 4018 aa

513 4059 541 4103 to
552 4049 683 4116 heighten,
697 4052 732 4115 by
741 4060 865 4112 contrast,
877 4052 922 4102 the
933 4053 1029 4117 beauty
1040 4054 1071 4104 ol
1083 4054 1128 4104 the
1140 4064 1187 4105 art.

632 4136 656 4184 8.
674 4133 818 4199 Oebalius-l
852 4136 941 4188 Poetlc
953 4137 992 4187 lor
1004 4143 1020 4166 ‘⁸
1030 4139 1168 4201 Spartan,”
1180 4155 1214 4189 an
1226 4138 1337 4190 allusion
1350 4148 1378 4190 to
1390 4140 1434 4190 the
1445 4149 1517 4204 story
1528 4139 1559 4189 ol
1568 4136 1741 4202 Hyacinthus.

619 4229 657 4279 13.
675 4216 806 4282 Tulipae.]
838 4219 888 4269 Sec
900 4218 956 4269 also
969 4219 1020 4267 No.
1034 4220 1107 4270 Llll.
1123 4234 1145 4271 2.

618 4299 656 4348 18.
674 4298 827 4364 rhispao]
859 4296 909 4353 see
921 4310 983 4352 note
994 4317 1028 4351 on
1041 4302 1136 4351 LXXI.
1151 4318 1173 4351 1.
