4162 5842
1086 584 1345 633 ulscumtussn

712 741 779 807 Hei
796 741 900 806 mihil
925 762 1015 806 nunc
1031 761 1098 806 non
1115 763 1163 818 es,
1181 740 1305 818 Scotia,
1320 739 1431 824 qualis
1446 762 1531 806 eras.

669 844 797 911 Bellica
813 866 896 928 gens
912 844 1030 920 audis:
1055 844 1114 909 sed
1130 843 1209 910 belli
1225 842 1384 910 exstinxit
1401 865 1551 909 amorem

711 951 831 1033 Longa
847 947 963 1033 quies:
987 948 1090 1015 etiam
1107 947 1244 1032 segnius
1259 969 1354 1013 arma
1368 968 1476 1032 paras.

669 1051 797 1129 Mollia,
815 1051 843 1116 si
860 1050 980 1129 nescis,
998 1061 1157 1116 enervant
1173 1050 1243 1116 otia
1255 1049 1364 1115 vires:

712 1156 832 1221 Militis
847 1167 880 1222 et
896 1155 1053 1241 sagulum
1069 1156 1168 1221 turba
1183 1165 1301 1240 togata
1316 1155 1410 1240 fugit.

667 1260 780 1344 Aliger
797 1261 1000 1327 Ichnobates
1014 1260 1053 1325 fit
1069 1260 1288 1326 desuetudine
1303 1263 1420 1326 tardus
1434 1283 1442 1336 ;

711 1365 780 1429 Bos
796 1364 874 1448 iuga
891 1374 1051 1429 retractat
1065 1386 1073 1440 ;
1098 1363 1193 1429 irena
1207 1374 1340 1429 recusat
1357 1386 1471 1448 equus.

668 1468 774 1552 Finge
791 1471 849 1533 sed
865 1478 1019 1553 expertos
1035 1468 1133 1545 bello,
1150 1467 1354 1552 iuvenesque
1371 1490 1535 1552 senesque

711 1575 884 1657 Quotquot
901 1572 1026 1648 habes;
1050 1570 1139 1650 belli,
1157 1571 1210 1637 dic
1226 1593 1297 1656 age,
1313 1593 1435 1638 nervus
1451 1572 1507 1638 ubi
1524 1573 1602 1637 est?

668 1678 696 1740 N
702 1698 744 1741 on
760 1676 821 1741 tibi
839 1665 968 1742 Pactoli
985 1675 1085 1742 rutilo
1101 1675 1176 1741 fluit
1192 1675 1309 1741 alveus
1325 1698 1419 1754 auro,

709 1781 777 1845 Aut
794 1778 909 1864 Tagus
925 1788 984 1845 aut
1000 1779 1119 1844 sitiens
1137 1779 1235 1845 India
1251 1779 1356 1845 mittit
1372 1801 1464 1866 opes.

667 1882 703 1948 Si
718 1904 832 1967 pecus,
849 1892 882 1948 et
899 1892 1043 1967 segetes,
1060 1892 1093 1947 et
1110 1903 1196 1965 quae
1212 1883 1274 1947 fert
1292 1882 1388 1960 retia,
1405 1884 1534 1960 demas,

710 1986 762 2051 Tu
779 1986 826 2051 nil
843 1986 1006 2052 militibus
1022 1988 1111 2069 quod
1127 1998 1322 2051 numeretur
1337 1987 1451 2052 habes.

668 2089 808 2156 Praedia
824 2089 871 2155 nil
887 2099 1020 2175 praeter
1034 2089 1174 2155 restabit
1191 2089 1297 2155 milite
1314 2089 1453 2174 dignum
1469 2111 1476 2154 :

711 2195 807 2258 Haec
824 2215 956 2277 quoque
971 2193 1107 2259 victoris
1124 2192 1274 2277 praemia
1289 2193 1403 2260 forsan
1418 2204 1525 2259 erunt.

667 2298 733 2364 Sed
749 2319 858 2381 neque
874 2297 1004 2363 turritis
1019 2297 1202 2381 cinguntur
1218 2297 1394 2363 moenibus
1410 2299 1530 2376 urbes;

711 2401 848 2467 Moenia
862 2401 926 2480 vel,
943 2401 972 2467 si
988 2423 1074 2485 quae
1090 2401 1207 2476 cernis,
1224 2401 1337 2466 hiulca
1352 2401 1454 2466 vides.

667 2505 748 2581 Nec,
763 2505 884 2588 quibus
901 2526 1026 2589 aequor
1041 2526 1128 2582 aras,
1146 2516 1323 2570 armantur
1338 2504 1445 2569 milite
1461 2525 1591 2590 puppes
1604 2526 1612 2582 ;

709 2607 835 2672 Navita
849 2608 1009 2674 vulnifico
1025 2630 1086 2673 nec
1102 2608 1186 2691 tegit
1203 2629 1282 2673 ense
1298 2607 1396 2673 latus.

667 2712 739 2776 Nec
756 2710 817 2776 tibi
832 2710 884 2775 vel
901 2721 1009 2776 rostro
1025 2710 1121 2775 navis
1137 2710 1280 2786 munita,
1297 2731 1359 2775 nec
1376 2709 1489 2801 armis,

709 2813 833 2899 Qualia
848 2813 1034 2898 Cyclopum
1052 2823 1130 2878 sunt
1147 2812 1311 2879 fabricata
1327 2834 1441 2878 manu.

667 2918 762 2983 Mille
778 2927 868 2982 rates
883 2916 979 2994 inter,
994 2915 1119 2981 fluctus
1134 2915 1189 2981 vix
1205 2916 1275 2982 ulla
1291 2916 1448 2993 marinos,

710 3022 775 3086 Vix
791 3021 995 3087 insultantes
1012 3020 1157 3086 sustinet
1168 3020 1243 3086 ulla
1259 3029 1361 3087 rates.

666 3126 743 3191 Hoc
759 3146 891 3209 quoque
906 3135 1088 3209 pensetur:
1113 3123 1214 3192 dubio
1229 3126 1407 3190 decernere
1425 3127 1535 3191 Marte

710 3230 787 3294 Non
804 3229 960 3295 dubitas:
985 3229 1077 3295 nasci
1095 3230 1134 3295 de
1151 3231 1236 3295 duce
1252 3229 1323 3295 rixa
1338 3238 1459 3314 potest.

666 3333 744 3397 Dux
760 3342 831 3397 erat
849 3332 982 3416 Argivis
998 3332 1178 3397 Graiorum
1200 3332 1389 3397 maximus:
1414 3332 1503 3397 inter

709 3436 802 3500 Mille
819 3457 928 3518 pares,
945 3435 1021 3500 belli
1039 3436 1125 3519 quis,
1143 3457 1234 3519 rogo,
1252 3438 1370 3500 ductor
1385 3436 1475 3501 erit?

665 3540 756 3602 Dum
774 3550 880 3621 potes,
898 3550 931 3603 et
948 3540 998 3604 fas
1015 3551 1076 3616 est,
1091 3540 1242 3623 fragilem
1260 3550 1309 3605 tot
1326 3540 1485 3605 fluctibus
1500 3541 1617 3605 alnum

709 3641 832 3724 Eripe:
858 3642 981 3705 festina
997 3642 1116 3726 collige
1132 3644 1206 3708 vela
1222 3665 1337 3708 manu.

666 3747 738 3809 Rex
755 3744 857 3821 iubet,
874 3745 995 3808 illustri
1013 3748 1190 3813 Scotorum
1207 3747 1372 3832 sanguine
1389 3759 1521 3814 cretus:

708 3850 758 3915 Sit
775 3852 893 3934 pudor,
910 3850 1049 3915 alterius
1066 3852 1158 3917 iussa
1174 3853 1226 3918 vel
1243 3875 1337 3918 arma
1353 3854 1456 3936 sequi.

666 3956 756 4019 Pone
773 3954 882 4018 minas
896 3977 903 4031 ;
928 3955 1045 4018 veniae
1062 3955 1156 4021 locus
1171 3967 1245 4022 est:
1271 3957 1358 4022 hanc
1374 3958 1496 4022 obtulit
1512 3958 1601 4023 ultro

708 4059 861 4135 Carolus,
878 4068 922 4137 et,
936 4081 1054 4144 pacem
1071 4063 1150 4125 dum
1166 4061 1262 4145 petit,
1280 4083 1373 4127 arma
1390 4061 1510 4146 quatit.

665 4161 761 4228 Illius
776 4162 937 4247 auspiciis
954 4164 1068 4228 hostes
1084 4164 1263 4230 exscinde:
1287 4165 1432 4250 sagittas

707 4267 852 4351 Tingere
868 4268 1015 4334 lratemo
1032 4270 1203 4354 sanguine,
1219 4281 1317 4356 turpe
1332 4282 1424 4356 puta.

665 4375 772 4457 Saepe
788 4371 850 4437 tibi
867 4373 1019 4457 iugulum
1035 4374 1232 4459 peregrinus
1248 4375 1402 4460 praebuit
1418 4374 1549 4453 hostis3

707 4475 830 4555 Scotia,
846 4498 935 4542 nunc
952 4478 1049 4555 iusto,
1065 4481 1145 4543 dum
1162 4477 1253 4556 furis,
1269 4478 1366 4545 hoste
1382 4501 1485 4545 cares.

629 4626 669 4676 37.
688 4611 864 4676 Ichnobates]
897 4612 1003 4677 Species
1013 4613 1045 4664 ol
1052 4613 1150 4664 bound
