4162 5842
747 576 909 623 sannaus
933 562 1212 635 (SUPPLEMBNT).

432 733 584 798 Nitimur
599 732 633 796 in
650 732 813 797 vetitum:
838 705 975 797 clausirs
991 731 1101 817 magis
1117 739 1252 797 aestuat
1268 730 1367 814 ignis,

476 836 653 919 Undaque,
669 835 697 899 si
714 835 881 919 prohibes,
899 856 966 919 qua
982 836 1063 900 data
1078 843 1187 918 porta,
1203 833 1281 899 ruit.

433 939 634 1023 Indignatur
649 961 767 1021 equus,
784 938 916 1022 quoties
932 937 1058 1022 premis
1073 958 1131 1003 ora
1148 936 1286 1021 lupatis,

476 1045 622 1110 Frendet
638 1053 672 1109 et
688 1043 723 1108 in
739 1065 842 1110 cavea
857 1044 957 1109 dente
973 1043 1144 1108 timendus
1159 1063 1247 1126 aper.

430 1148 483 1214 Tu
500 1149 573 1214 sine
588 1158 708 1226 matre,
724 1148 774 1214 tui
790 1159 978 1215 nascuntur
993 1147 1121 1214 semine
1139 1148 1283 1233 Mystae,

476 1253 561 1330 Hos,
581 1254 666 1330 Dea,
683 1274 727 1317 ne
742 1253 864 1336 fungos
880 1255 986 1328 crede,
1001 1253 1059 1317 sed
1075 1272 1150 1317 esse
1165 1250 1265 1335 viros.

433 1358 488 1420 Me
505 1356 676 1422 dominam
693 1367 895 1440 agnoscunt,
912 1356 1035 1440 quibus
1050 1365 1102 1421 est
1118 1354 1277 1440 genitalis
1292 1353 1396 1438 origo,

474 1459 645 1545 Quidquid
662 1481 756 1544 agas,
774 1461 930 1526 stimulos
947 1458 1103 1546 Cypridis
1118 1459 1212 1526 intus
1228 1461 1341 1526 habet.

437 1565 540 1640 Dum,
559 1565 644 1641 Dea,
662 1564 852 1648 praeceptis
868 1574 1026 1629 naturam
1042 1562 1175 1630 vincere
1190 1573 1317 1642 tentas,

478 1669 626 1752 Desipis‚
645 1679 677 1734 et
694 1669 800 1734 sterili
816 1669 947 1735 semina
963 1668 1072 1734 credis
1087 1690 1181 1754 agro.

434 1774 592 1855 Dumque
609 1782 706 1838 vetas
721 1772 901 1850 thalamos,
919 1781 978 1837 tua
994 1772 1052 1856 qui
1067 1782 1249 1856 praecepta
1264 1780 1453 1856 sequuntur

476 1875 643 1960 Coniugio
659 1876 795 1960 gravius
810 1876 896 1941 ferre
911 1874 1070 1941 iubentur
1085 1896 1206 1965 onus,

433 1981 567 2046 Vulnus
583 1982 679 2046 alunt
695 1981 801 2058 venis,
819 2002 914 2064 spem
930 1990 968 2045 tu
985 1978 1220 2046 medicaminis
1235 1980 1359 2057 aufers,

478 2087 524 2149 Et
541 2085 666 2150 statuis
683 2085 848 2150 medicam
866 2107 909 2149 ne
925 2094 1018 2168 petat
1035 2105 1134 2170 aeger
1150 2105 1260 2169 opem.

434 2191 518 2273 Igne
535 2191 655 2254 domus
671 2190 790 2254 ardent
808 2188 952 2266 Clariae,
971 2189 1179 2273 restinguere
1194 2188 1352 2255 flammas

476 2291 529 2358 Tu
545 2293 712 2377 prohibes,
730 2294 888 2378 lymphas
903 2303 936 2358 et
953 2293 1068 2377 procul
1085 2314 1159 2359 esse
1174 2293 1283 2359 iubes.

434 2398 544 2481 Quam
563 2405 718 2480 spectant
735 2395 885 2474 iuvenes,
902 2417 969 2461 non
986 2399 1111 2462 audent
1127 2398 1229 2481 figere
1244 2396 1414 2481 praedam,

478 2501 569 2564 Dum
586 2499 718 2578 sitiunt,
736 2500 847 2565 scelus
859 2510 910 2566 est
926 2500 1013 2566 velle
1028 2501 1139 2567 levare
1155 2499 1259 2565 sitim.

435 2603 512 2670 Urit
529 2624 625 2668 amor
641 2603 755 2687 prolis,
772 2603 915 2669 thalami
931 2613 969 2670 tu
985 2604 1125 2689 pignora
1140 2606 1295 2680 damnas,

478 2710 655 2793 Quemque
671 2708 755 2773 colis
772 2708 866 2774 nullo
882 2709 1033 2793 germine
1049 2718 1165 2774 vernet
1181 2729 1272 2793 ager.

435 2813 520 2896 Quis
536 2812 631 2876 locus
646 2821 698 2877 est
714 2812 836 2877 studiis
852 2813 941 2877 inter
956 2814 1151 2878 tormenta?
1175 2812 1345 2896 palaestra

480 2915 576 2979 Haec
593 2925 664 2993 tua,
682 2917 780 2981 crede
796 2915 890 2992 mihi,
908 2916 1102 2982 carnificina
1118 2938 1210 2981 mera
1226 2925 1290 2981 est:

436 3019 522 3082 Sunt
539 3019 641 3095 mala,
658 3029 737 3084 sunt
754 3021 926 3098 thalamis,
943 3021 1061 3099 fateor,
1078 3043 1141 3086 sua
1156 3021 1278 3097 toxica,
1294 3018 1386 3087 virus

480 3122 589 3187 Dulce
605 3123 665 3186 sed
683 3122 822 3201 Idaliae,
839 3124 936 3188 dulce
952 3124 1075 3189 marita
1091 3123 1218 3188 malurn
1236 3133 1299 3189 est.

438 3227 564 3291 Nectar
579 3227 769 3292 Acidalium
788 3228 955 3293 Permessi
971 3237 1137 3312 temperat
1154 3229 1293 3305 undam,

482 3330 558 3394 Hoc
573 3329 646 3394 sine
663 3331 782 3395 letales
797 3340 876 3395 sunt
894 3331 1071 3396 Heliconis
1086 3351 1202 3413 aquae.

438 3434 625 3497 Commoda
641 3434 668 3498 si
686 3435 827 3518 quaeris,
843 3444 923 3516 quot
940 3456 1021 3518 apes
1036 3443 1222 3518 pascuntur
1237 3430 1274 3498 in‘
1288 3432 1415 3520 Hybla,

481 3534 547 3599 Tot
564 3537 662 3614 bona,
681 3558 782 3619 quam
799 3538 952 3615 damnas,
969 3539 1070 3602 taeda
1085 3536 1206 3621 iugalis
1221 3537 1336 3603 habet.

440 3640 588 3704 Edomat
604 3648 638 3704 et
654 3641 814 3706 iuvenum
831 3641 1029 3725 tranquillat
1044 3651 1182 3727 pectora
1198 3641 1331 3733 coniux,

483 3745 527 3808 Et
545 3766 631 3828 quae
647 3746 724 3812 iecit
741 3747 846 3811 Amor
859 3746 1009 3824 vulnera,
1024 3756 1121 3812 sanat
1140 3749 1286 3833 Hymen.

440 3848 557 3931 Nupta
572 3848 681 3914 virum
698 3860 838 3928 recreat,
854 3850 982 3915 chartis
996 3850 1176 3917 immersus
1191 3850 1316 3936 ineptis

483 3954 575 4017 Dum
592 3964 716 4038 stupet,
734 3965 768 4021 et
783 3956 893 4021 fessus
909 3955 963 4021 vix
979 3977 1040 4022 sua
1055 3959 1207 4023 membra
1223 3957 1339 4023 trahit.

439 4058 565 4122 Oscula
581 4079 671 4123 nunc
687 4059 780 4137 libat,
797 4068 931 4125 teneras
947 4081 1037 4126 nunc
1051 4061 1190 4145 porrigit
1208 4061 1317 4139 ulnas,

484 4163 582 4227 Nunc
598 4162 687 4228 fovet
704 4163 737 4228 in
754 4163 868 4248 tepido
883 4164 1003 4250 frigida
1019 4167 1170 4231 membra
1186 4164 1270 4230 sinu.

410 4424 449 4472 74.
470 4410 577 4473 Habet]
612 4413 648 4460 So
660 4411 703 4460 the
717 4410 881 4476 Middelburg
891 4411 997 4469 edition,
1009 4411 1055 4460 but
1066 4410 1159 4460 habent
1171 4423 1242 4459 more
1254 4408 1341 4474 likely.

410 4493 450 4542 81.
472 4493 570 4540 Domus
582 4492 703 4555 Clariae]
737 4494 837 4543 Homee
848 4493 900 4543 and
910 4493 1006 4542 haunts
1017 4493 1048 4542 os
1054 4492 1098 4542 the
1112 4493 1209 4541 Muses.

972 4578 1018 4625 ΒΕ
