4162 5842
773 581 960 631 erremus

522 1424 551 1487 9.
575 1421 621 1468 AD
646 1422 800 1470 EUNDEM
825 1423 1001 1470 CALENDIS
1025 1422 1200 1470 IANUARH.

317 1591 408 1654 Luce
425 1610 520 1653 sacra
537 1588 623 1665 Iani,
643 1591 842 1655 Ionstonum
861 1612 1001 1655 munera
1017 1590 1169 1675 quisquis

360 1692 483 1769 Poscit,
501 1692 677 1758 inutilibus
693 1693 806 1759 littora
823 1696 929 1759 bobus
945 1705 1027 1759 arat.

315 1800 423 1882 Quem
441 1797 583 1861 colimus
598 1790 703 1875 vates,
720 1799 851 1882 argenti
868 1799 960 1863 dives
976 1810 1008 1864 et
1025 1800 1097 1864 auri

360 1904 422 1964 Est
441 1903 546 1978 Deus
563 1911 596 1965 et
613 1902 720 1967 maior
735 1903 1005 1986 splendidiorque
1023 1905 1113 1969 Iove.

316 2007 379 2069 Est
396 2005 492 2070 iubar
507 2017 674 2082 auratum,
692 2006 800 2070 radiat
816 2008 937 2071 domus
956 2028 1057 2071 aurea
1073 2007 1226 2091 gemmis,

358 2110 424 2174 Par
439 2109 560 2192 quibus
577 2108 641 2173 Eoi
658 2108 705 2173 nil
721 2109 823 2174 habet
839 2111 930 2175 unda
946 2110 1033 2175 freti.

314 2212 436 2276 Flectit
452 2221 486 2276 et
502 2211 691 2277 auricomos
707 2212 808 2277 rutilo
823 2222 958 2278 temone
975 2213 1114 2297 iugales,

358 2317 404 2378 Et
420 2314 505 2398 regit
522 2325 670 2392 auratas,
687 2337 810 2380 aureus
826 2315 908 2399 ipse,
924 2326 1028 2381 rotae.

315 2420 377 2482 Est
395 2428 427 2482 et
444 2418 539 2501 equis
555 2418 683 2483 fulvum
701 2421 789 2501 quod
806 2422 972 2484 mandunt
988 2419 1147 2484 dentibus
1162 2440 1295 2495 aurum,

357 2511 554 2604 Spectatum
571 2520 728 2596 flammis,
746 2521 848 2604 stirps
865 2521 1081 2605 Clymenaea‚
1099 2520 1179 2585 tuis.

313 2624 404 2687 Vivit
421 2633 454 2687 et
471 2623 641 2688 ambrosia
657 2644 761 2706 pecus
776 2623 839 2689 hoc
856 2632 889 2687 et
906 2633 1041 2688 nectare
1057 2645 1150 2706 puro,

358 2727 464 2812 Quale
481 2727 562 2792 bibit
579 2749 750 2810 superum,
768 2749 845 2793 cum
865 2729 955 2804 Iove,
972 2737 1044 2792 tota
1060 2726 1192 2792 cohors.

314 2830 381 2894 Hei
398 2829 490 2902 mihi,
508 2829 672 2895 Phoebeis
687 2829 790 2894 facies
807 2841 857 2895 est
875 2831 982 2895 lurida
1002 2830 1133 2914 MystiS,

358 2935 433 2998 Hos
449 2934 560 3018 gravis
576 2934 704 2999 esuries
720 2933 963 3019 pauperiesque
981 2934 1114 3018 premit.

314 3037 448 3102 Phoebe
464 3036 549 3113 vale,
566 3047 713 3102 veterem
730 3038 828 3103 fastis
844 3041 942 3103 erade
959 3038 1129 3114 clientem,

357 3142 413 3206 Me
429 3142 520 3225 piget
537 3141 669 3225 ingrato
686 3142 815 3206 solvere
831 3152 910 3206 vota
932 3142 1016 3204 Deo.

312 3242 404 3307 Tura
420 3243 529 3307 ferens
545 3242 686 3326 posthac
704 3243 853 3308 Gordoni
871 3252 1003 3307 sternar
1018 3243 1060 3305 ad
1077 3262 1164 3316 aras,

357 3347 417 3410 Ille
435 3345 517 3409 mihi
534 3367 657 3428 magno
673 3346 736 3409 sub
754 3347 833 3410 Iove
851 3346 986 3409 Numen
1006 3343 1079 3407 erit.

312 3450 389 3513 Non
406 3470 468 3532 ego
483 3447 625 3512 formido
641 3446 768 3512 domini
785 3468 827 3511 ne
844 3468 935 3511 more
953 3445 1071 3529 prioris

357 3554 400 3617 Se
415 3560 521 3635 gerat,
538 3551 692 3634 exemplo
708 3559 823 3633 peccet
840 3560 873 3614 et
890 3549 945 3613 ille
961 3559 1030 3644 tuo.

313 3657 392 3721 Una
408 3664 519 3719 metus
535 3663 723 3718 causaest:
750 3653 867 3717 Musas
883 3651 962 3717 colit
979 3651 1054 3728 ille;
1072 3652 1210 3721 sodales,

356 3759 421 3844 Qui
439 3759 570 3843 premit,
587 3758 676 3822 hunc
692 3756 781 3822 idem
797 3758 865 3823 fors
881 3779 1012 3841 quoque
1029 3758 1166 3821 morbus
1184 3756 1297 3821 habet.
