4140 5834
893 551 1163 601 EPIGRAMMATA.

474 708 609 774 Stultus
624 718 657 774 et
674 707 840 786 Aeolides,
860 709 940 775 dum
957 729 1025 774 non
1040 707 1204 774 imitabile
1221 708 1348 773 fulmen

515 815 595 877 Arte
611 811 722 889 refert,
739 811 844 877 misso
860 814 1003 897 desuper
1017 812 1094 896 igne
1109 812 1206 897 perit.

474 914 519 978 Et
537 914 679 998 Satyrus
696 913 880 993 Phoebum,
900 914 1018 979 Musas
1035 916 1115 979 dum
1132 925 1291 998 provocat
1308 935 1426 979 amens

516 1016 668 1101 Evippae
684 1017 826 1095 soboles,
844 1017 971 1083 crimen
987 1026 1128 1100 uterque
1144 1017 1217 1083 luit.

474 1121 551 1184 Non
567 1140 629 1202 ego
645 1140 721 1185 cum
739 1118 876 1204 Superis
893 1120 1059 1185 contendo
1076 1121 1134 1184 sed
1150 1141 1239 1196 area,
1257 1121 1363 1184 Vates

517 1224 627 1308 Quam
645 1222 722 1288 terit
738 1222 804 1303 hic,
821 1223 946 1288 nostris
962 1232 1013 1288 est
1030 1222 1143 1287 minus
1158 1232 1239 1306 apta
1254 1222 1348 1302 rotis.

473 1327 525 1392 Ne
541 1336 618 1411 pete
634 1348 720 1410 quae
735 1327 835 1392 fuerit
849 1336 921 1393 tam
937 1327 1016 1392 vani
1032 1348 1154 1392 caussa
1170 1327 1303 1402 laboris,

517 1432 560 1497 Se
577 1430 690 1497 Clario
706 1431 858 1515 quisquis
874 1430 997 1515 proluit
1014 1452 1125 1507 amne,
1142 1430 1230 1496 furit.

471 1535 544 1599 Ah!
569 1535 678 1620 liquor
693 1536 748 1601 hic
763 1536 916 1620 populos,
934 1535 990 1618 qui
1009 1535 1134 1600 Phoebi
1150 1545 1261 1600 castra
1278 1534 1476 1618 sequuntur,

517 1637 688 1716 Fascinat,
705 1648 739 1702 et
756 1658 922 1703 memores
938 1659 1005 1701 non
1022 1636 1101 1701 sinit
1118 1635 1269 1703 essesut

474 1741 510 1807 Si
527 1752 642 1808 tamen
659 1743 748 1810 haud
765 1741 887 1807 meruit
903 1741 1037 1806 veniam
1054 1741 1155 1818 furor,
1173 1741 1287 1826 accipe
1303 1762 1442 1807 causam

516 1845 635 1912 Invida
650 1866 736 1930 quae
754 1849 869 1911 Momo
885 1845 1025 1910 forsitan
1042 1866 1100 1911 ora
1116 1856 1255 1928 premet.

473 1946 587 2014 Cinxit
606 1947 778 2014 lessiaden
795 1948 1027 2015 Buchananus
1045 1959 1150 2025 veste,
1168 1947 1303 2032 pyropis

517 2054 613 2136 Quae
629 2051 730 2117 simul
746 2063 780 2117 et
796 2073 897 2118 cocco
913 2052 1074 2117 nobiliore
1090 2052 1187 2130 nitet,

475 2155 580 2232 Haec,
596 2178 658 2240 ego
674 2177 775 2240 quam
792 2159 892 2234 dono,
909 2178 970 2222 nec
986 2156 1130 2240 gemmis
1146 2156 1236 2239 picta
1253 2176 1314 2226 nec
1330 2166 1421 2220 ostro
1437 2165 1498 2234 est,

515 2258 604 2326 Tota
619 2262 688 2339 sed,
706 2271 744 2326 ut
760 2261 880 2339 cernis,
898 2261 1044 2327 stamine
1059 2265 1153 2325 texta
1168 2260 1254 2325 rudi.

473 2363 546 2427 Rex
562 2374 633 2429 erat
649 2375 682 2429 et
698 2375 794 2431 vates
810 2365 865 2431 hic
881 2365 934 2430 cui
951 2363 1127 2439 servimus,
1145 2363 1290 2428 amictus

515 2465 561 2529 Et
577 2467 647 2551 regi
663 2477 696 2532 et
712 2468 781 2533 vati
798 2490 865 2533 non
881 2467 965 2533 satis
981 2488 1070 2532 unus
1085 2476 1168 2531 erat.

472 2564 561 2648 Apta
576 2567 737 2648 paludato
753 2569 954 2634 Buchanani
969 2588 1117 2652 purpura
1133 2567 1202 2650 regi
1218 2577 1280 2645 est,

515 2668 666 2753 Regibus
682 2681 741 2734 aut
757 2671 785 2733 si
802 2670 881 2754 quid
897 2670 1057 2752 grandius
1072 2669 1161 2735 orbis
1177 2670 1288 2735 habet.

474 2769 530 2834 Nil
547 2769 630 2834 mihi
646 2792 723 2836 cum
741 2772 903 2856 sceptris3
928 2794 990 2855 ego
1007 2773 1049 2836 do
1064 2771 1234 2837 velamina
1249 2771 1339 2849 vati;

517 2872 619 2938 Hunc
635 2873 747 2938 decuit
763 2874 857 2940 cultu
873 2874 1075 2958 simpliciore
1091 2875 1171 2959 tegi.

474 2975 588 3041 Induit
604 2976 751 3042 Abiades
766 2975 869 3063 Tyrio
885 2999 945 3061 pro
961 2978 1088 3043 murice
1105 2986 1207 3056 setas,

517 3079 627 3163 Seque
643 3081 755 3165 gregis
771 3081 859 3147 nivei
875 3081 998 3147 vellere
1014 3081 1097 3146 texit
1113 3084 1230 3146 Amos.

473 3183 567 3249 Adde
581 3187 672 3271 quod
688 3187 752 3251 hac
769 3196 886 3252 nostra
900 3185 990 3251 vivet
1008 3187 1242 3251 Buchananus
1257 3184 1378 3270 opella,

516 3286 650 3355 Clarius
666 3300 699 3355 et
716 3289 816 3355 solito
832 3299 968 3374 sparget
984 3289 1019 3354 in
1035 3291 1115 3355 orbe
1131 3288 1238 3354 iubar.

473 3389 689 3473 Splendidius
705 3394 822 3458 stellas
838 3394 923 3458 nitet
940 3393 1028 3458 inter
1044 3393 1144 3457 Luna
1161 3392 1317 3469 minores,

516 3493 562 3557 Et
578 3495 686 3560 violae
703 3497 822 3581 lappis,
840 3508 873 3563 et
890 3518 966 3562 rosa
983 3497 1097 3562 iuncta
1114 3496 1216 3561 rubis.

474 3595 550 3657 Non
568 3617 629 3679 ego
646 3598 817 3681 dedignor,
834 3600 943 3664 victus
960 3601 988 3663 si
1005 3601 1097 3664 dicar
1113 3602 1155 3665 ab
1171 3599 1239 3676 illo,

516 3700 581 3784 Qui
598 3702 699 3765 radiis
716 3703 832 3786 implet
850 3705 939 3769 Solis
959 3715 1136 3788 utramque
1156 3706 1305 3769 domum.

472 3801 534 3866 Cui
552 3822 635 3883 gens
651 3804 819 3868 Ausoniae
837 3805 928 3887 prius
944 3816 977 3869 ct
994 3828 1070 3870 cum
1088 3805 1242 3870 Teutone
1262 3805 1382 3871 Gallus

516 3904 637 3980 Cessit,
655 3906 696 3969 ab
713 3905 776 3971 hoc
793 3907 880 3972 vinci
898 3930 958 3973 cur
973 3930 1051 3991 ergo
1068 3920 1164 3992 turpe
1181 3911 1322 3992 putem?

474 4009 583 4094 Quem
601 4011 703 4092 pudet
719 4010 885 4076 Aeacidae
901 4012 995 4076 fatali
1012 4013 1159 4097 cuspide,
1175 4012 1288 4094 magni

515 4112 624 4196 Quem
641 4113 732 4196 piget
749 4115 882 4178 Aeneae
899 4115 1116 4179 succubuisse
1133 4116 1261 4180 manu?

474 4217 549 4280 Hoc
566 4238 627 4299 ego
644 4239 697 4281 me
714 4217 814 4294 solor,
831 4239 884 4281 me
901 4220 989 4300 quod
1006 4229 1080 4301 post
1097 4228 1192 4302 terga
1204 4218 1371 4301 relinquat

517 4319 618 4384 Musa
635 4320 810 4387 Caledonii
826 4330 907 4386 nata
924 4322 986 4386 sub
1002 4342 1062 4386 axe
1079 4321 1153 4405 poli.

476 4422 551 4507 Quo
567 4422 672 4508 fulget
689 4424 772 4489 mihi
789 4433 878 4489 terra
894 4444 1027 4508 parens,
1045 4424 1241 4508 patriaeque
1258 4426 1437 4500 Camenae,

519 4527 597 4591 Non
614 4549 689 4593 mea
705 4529 884 4594 dedecorat
897 4527 1036 4612 plectra,
1054 4530 1112 4594 sed
1128 4539 1237 4605 ornat,
1254 4529 1372 4592 honos.
