4162 5842
889 588 1077 637 BPIGRAMS.

852 763 880 809 1.
907 761 1113 811 DUMBARUS.

433 899 499 964 Sed
516 919 637 963 caecus
653 921 730 964 cum
747 898 790 964 sit
807 899 949 966 Veneris
965 896 1049 986 pue'r
1063 899 1128 967 iste
1144 901 1287 986 Cupido,

476 1001 542 1080 Illi,
560 1003 622 1081 dic,
638 1004 754 1069 oculos
770 1007 939 1089 quomodo
954 1004 1141 1090 surripias?

842 1263 873 1309 2.
902 1261 1113 1309 lONSTONUS.

430 1397 493 1460 Est
509 1417 592 1480 puer
607 1395 661 1462 hic
678 1417 820 1462 caecus:
844 1419 960 1463 verum
978 1398 1067 1463 hunc
1083 1397 1252 1464 infantula
1268 1420 1418 1477 caecum,

473 1499 642 1584 Surreptis
658 1499 774 1577 oculis,
790 1500 1026 1567 Abrenethaea
1041 1501 1144 1567 dedit.

842 1764 874 1827 3.
899 1760 1107 1809 nummos.

426 1895 660 1960 Abrenethaea
677 1894 768 1960 dedit
784 1896 948 1960 caecum?
973 1917 1050 1960 cum
1066 1893 1194 1961 lumine
1209 1917 1328 1962 cassus

471 1997 522 2063 Sit
539 2006 651 2076 natus,
669 2018 807 2063 caecum
825 2020 891 2082 qua
907 1997 1037 2064 ratione
1054 1998 1171 2065 dedit?

837 2266 867 2329 4.
897 2261 1108 2310 rossrouos.

425 2401 523 2485 Quod
539 2400 600 2467 tibi
617 2400 742 2465 finxisti
759 2410 878 2466 natum
896 2400 968 2466 sine
984 2401 1111 2467 lumine
1129 2403 1265 2466 Numen

467 2505 617 2584 Censori,
635 2505 729 2572 nullo
745 2505 896 2584 crimine,
912 2505 1005 2592 talpa
1021 2516 1144 2591 potest.

837 2766 868 2833 5.
894 2767 1102 2816 nonninus.

422 2903 475 2969 Tu
492 2927 590 2990 mage
606 2905 783 2972 ridiculum
803 2908 938 2973 Numen
955 2907 1016 2986 tibi
1032 2908 1157 2992 fingere
1176 2917 1300 2984 tentaS,

466 3010 528 3075 Cui
546 3020 624 3075 sunt
641 3010 773 3077 mortali
791 3011 921 3077 lumina
936 3014 1095 3096 adempta
1112 3032 1226 3076 manu.

832 3253 864 3317 6.
892 3268 1103 3317 rossroros.

421 3402 576 3467 Mortalis
592 3423 659 3467 non
676 3413 738 3480 est,
756 3402 863 3468 oculis
879 3424 964 3488 quae
980 3400 1110 3467 orbavit
1127 3402 1295 3475 Amorem,

464 3509 529 3573 Sed
548 3510 632 3586 Dea,
650 3519 731 3573 nata
749 3507 843 3583 Deio,
860 3516 893 3572 et
909 3506 1061 3592 paritura
1078 3507 1177 3604 Deos.

833 3766 863 3833 7.
889 3764 1098 3813 DUMBARUS.

419 3904 482 3969 Illa
501 3906 574 3969 Dea
591 3914 653 3981 est,
670 3913 728 3969 aut
745 3914 825 3969 nata
843 3903 936 3982 Deis,
953 3902 1144 3988 pariturave
1162 3901 1278 3979 Divos,

462 4008 665 4074 Luminibus
680 4008 765 4074 dicis
781 4030 883 4093 quam
899 4007 1045 4093 spoliare
1062 4008 1177 4072 Deos?

826 4242 858 4308 8.
886 4258 1099 4308 rorsrorus.

418 4396 619 4462 Luminibus
636 4399 732 4462 Deus
749 4396 812 4462 iste
828 4395 900 4462 suis
915 4416 982 4460 non
998 4393 1146 4479 indiget;
1171 4391 1219 4457 illi

460 4501 638 4566 Sufficiunt
655 4487 779 4578 casses,
796 4498 941 4578 vincula,
958 4498 1037 4576 tela,
1053 4497 1153 4563 iaces.

956 4603 974 4650 s
