4140 5834
976 572 1139 622 venenox
1161 556 1442 633 (suerneuuur).

658 732 712 798 Tu
729 753 859 816 pugnas
876 740 909 797 et
926 739 1038 797 castra
1053 727 1153 815 regis,
1170 729 1352 794 metuenda
1367 726 1494 812 virago,

705 837 800 900 Dura
816 845 931 901 tamen
949 832 1061 899 mollis
1076 841 1189 899 castra
1205 832 1398 916 frequentat
1414 833 1529 896 Amor.

660 939 787 1004 Oscula
803 938 962 1023 belligero
979 936 1087 1002 iunxit
1105 935 1234 1000 Briseis
1249 934 1384 1012 Achilli,

703 1045 857 1127 Sponsus
872 1051 906 1107 et
922 1040 1178 1106 Andromachae
1195 1039 1338 1105 Troicus
1357 1040 1487 1103 Hector
1502 1046 1583 1103 erat.

661 1147 732 1211 Nec
749 1168 845 1211 meus
860 1148 1002 1220 Aeneas,
1018 1165 1080 1209 nec
1096 1153 1168 1209 erat
1186 1142 1258 1208 sine
1275 1142 1418 1226 coniuge
1434 1141 1602 1219 Theseus,

704 1250 829 1333 Nupsit
845 1260 879 1315 et
898 1248 1090 1315 Haemonio
1107 1247 1243 1315 Colchis
1259 1247 1375 1331 iniqua
1391 1245 1478 1312 duci.

658 1353 712 1419 Tu
728 1355 825 1419 lanas
841 1352 971 1418 mollire
987 1355 1088 1418 doces
1104 1362 1137 1418 et
1153 1354 1275 1417 ducere
1296 1351 1364 1428 fila,

703 1459 748 1522 Et
765 1458 895 1523 radium
912 1456 1030 1521 sollers
1046 1467 1079 1521 et
1096 1454 1280 1521 moderaris
1295 1476 1406 1520 acum.

660 1562 786 1625 Nostra
802 1570 917 1625 tamen
933 1558 1056 1644 Tyriae
1073 1569 1251 1625 senserunt
1268 1557 1379 1623 vincla
1398 1557 1540 1642 puellae,

704 1664 810 1729 lcaris
826 1675 859 1730 et
875 1663 998 1729 textrix
1013 1663 1107 1740 dixit,
1128 1663 1252 1749 Ulysse
1268 1662 1356 1728 veni.

660 1766 783 1831 Solane
800 1789 884 1851 gens
902 1766 1027 1832 Phoebi
1044 1766 1170 1831 nostris
1186 1765 1355 1832 arcebitur
1373 1764 1451 1841 aris,

704 1870 839 1936 Nesciet
857 1882 890 1936 et
907 1870 987 1955 quid
1003 1870 1047 1935 sit
1064 1869 1199 1955 Cypria,
1218 1871 1297 1955 quid
1313 1869 1357 1935 sit
1376 1870 1538 1954 Hymen?
1606 1948 1609 1955 Ι

661 1973 776 2038 Mitior
791 1984 854 2051 est,
872 1974 965 2039 silvis
984 1976 1058 2040 Dea
1074 1996 1160 2059 quae
1175 1984 1321 2039 venatur
1333 1973 1368 2038 in
1384 1972 1475 2051 altis,

704 2076 767 2142 Illa
784 2076 918 2161 quidem
934 2078 1028 2161 virgo
1045 2086 1108 2155 est,
1127 2078 1184 2143 sed
1201 2087 1317 2141 tamen
1333 2097 1441 2160 aequa
1457 2074 1548 2140 viris.

660 2178 749 2245 Fixit
766 2202 866 2264 apros
883 2181 1065 2264 Cephalus,
1082 2180 1191 2246 tenuit
1207 2181 1376 2246 venabula
1393 2179 1535 2257 Procris,

703 2286 813 2350 Ambo
829 2293 943 2351 tamen
960 2285 1081 2350 iaculis
1097 2287 1304 2351 succubuere
1320 2284 1414 2349 meis.

661 2391 754 2454 Gens
771 2411 867 2455 sacra
884 2411 943 2455 cur
961 2390 1096 2455 Phoebo
1111 2389 1232 2472 vigiles
1248 2389 1362 2454 trahat
1379 2387 1506 2453 innuba
1522 2389 1664 2453 noctes?

705 2490 766 2554 llle
785 2493 879 2557 Deus
895 2493 1000 2557 nostri
1017 2513 1096 2576 pars
1111 2491 1175 2556 luit
1192 2513 1260 2556 una
1276 2490 1396 2576 gregis.

660 2592 784 2656 Omnia
800 2595 855 2676 qui
872 2605 987 2672 torret,
1005 2596 1073 2659 vim
1090 2604 1242 2659 nostram
1259 2594 1365 2659 sensit
1382 2603 1415 2658 et
1435 2593 1539 2678 ignes,

704 2694 809 2760 Fixus
824 2706 857 2761 et
876 2698 983 2763 ldalia
999 2698 1148 2782 cuspide,
1166 2698 1260 2776 dixit,
1278 2699 1383 2762 Amo:

661 2800 733 2864 Nec
749 2821 882 2883 semper
897 2801 1039 2878 steriles,
1057 2823 1118 2867 nec
1135 2810 1232 2866 erant
1247 2801 1320 2866 sine
1337 2801 1479 2887 coniuge
1497 2803 1627 2881 Musae,

704 2903 825 2967 Iuncta
843 2903 917 2968 Deo
933 2912 967 2968 et
984 2913 1094 2969 mater
1109 2903 1283 2988 Calliopea
1298 2904 1372 2970 luit.

661 3008 733 3072 Nec
750 3007 872 3072 studiis
887 3009 1022 3074 obstare
1038 3007 1107 3073 tuis
1123 3029 1178 3074 me
1194 3010 1313 3075 crede:
1333 3008 1436 3090 Lycei

703 3111 828 3176 Rector
843 3110 1043 3177 Aristoteles
1059 3111 1158 3176 miles
1173 3112 1299 3177 amoris
1315 3122 1399 3178 erat.

606 3209 609 3212 ⁴
660 3213 706 3278 Et
724 3213 815 3280 Iovis
831 3224 865 3280 et
883 3216 1004 3282 Musae
1019 3215 1154 3282 soboles
1170 3215 1244 3280 sine
1260 3215 1399 3281 crimine
1414 3226 1509 3282 vates
1549 3295 1556 3307 Β

702 3317 869 3386 Thracius
887 3321 1076 3406 Eurydicae
1092 3320 1186 3387 basia
1203 3320 1296 3387 mille
1312 3320 1416 3387 dedit.

583 3449 588 3466 ·
661 3421 769 3487 Dulce
785 3423 846 3488 luit
863 3424 959 3488 vivae
977 3424 1083 3489 niveis
1100 3425 1237 3489 haerere
1253 3424 1399 3501 lacertis,

704 3527 749 3589 Et
766 3527 828 3589 luit
845 3529 971 3592 amissa
988 3529 1131 3612 coniuge
1147 3530 1245 3593 dulce
1262 3529 1365 3612 queri.

662 3629 793 3691 Excute
811 3631 970 3706 Nasonis,
988 3632 1094 3695 teneri
1112 3633 1163 3696 vel
1181 3632 1306 3715 scripta
1324 3632 1461 3708 Catulli,

706 3729 752 3793 Hi
770 3729 841 3794 sine
859 3753 912 3794 me
929 3745 1101 3814 nequeunt
1119 3736 1171 3798 vel
1188 3736 1252 3799 tria
1268 3737 1370 3799 verba
1387 3736 1485 3818 loqui.

661 3836 732 3898 Nec
749 3833 834 3897 foret
851 3834 968 3897 Aoniis
986 3837 1123 3920 Sappho
1140 3860 1234 3902 soror
1249 3839 1363 3903 addita
1382 3839 1502 3916 MusiS,

704 3936 748 4001 Ni
765 3947 881 4001 nostra
897 3937 999 4001 toties
1015 3939 1211 4005 incaluisset
1229 3963 1299 4024 ope.

662 4040 756 4106 Mille
774 4041 1017 4118 malis,‘fateor,
1037 4044 1182 4127 stipatur
1198 4048 1297 4109 taeda
1316 4045 1449 4127 iugalis,

705 4145 807 4210 Plura
823 4157 937 4210 tamen
954 4149 1111 4224 subeunt,
1129 4148 1156 4211 si
1173 4149 1371 4231 prohibetur
1388 4151 1535 4234 Hymen.

632 4490 671 4538 42.
693 4477 893 4541 lcaristextrix.]
927 4482 1063 4545 Penelope.
