4162 5842
743 580 1005 641 arscensem.
1487 592 1549 658 253

196 746 333 812 CLXV.
378 748 445 812 DE
469 748 702 814 FOEDERE
726 749 925 815 NUPERO
947 750 1012 815 AD
1037 746 1215 816 SCOTOS
1239 748 1548 814 PARAENESIS.

328 920 452 987 Martia
466 943 561 1006 gens,
578 921 685 989 oculis
700 921 809 989 multo
824 921 909 989 mihi
924 922 1032 990 canor
1046 922 1140 1009 ipsis,

370 1024 516 1110 Tingere
531 1025 611 1110 quid
626 1024 736 1110 patrio
752 1025 917 1112 sanguine
937 1026 1007 1093 tela
1022 1027 1147 1110 paras?

328 1131 419 1195 Pone
434 1150 561 1196 nocens
576 1131 699 1196 lenum
715 1156 723 1197 ε
747 1153 848 1216 quam
865 1130 1075 1198 formidabile
1091 1130 1217 1198 bellum

371 1231 422 1297 Sit
439 1233 582 1317 populis,
599 1243 706 1299 testes
724 1234 866 1300 Rhenus
881 1244 915 1300 et
931 1234 1026 1299 Albis
1041 1245 1151 1300 erunt.

326 1337 438 1402 Aurea
454 1338 534 1402 dum
551 1337 649 1402 terris
664 1360 729 1424 pax
746 1348 848 1417 esset,
864 1338 976 1404 floruit
992 1359 1051 1405 ora

369 1440 545 1536 Teutonis,
562 1463 583 1509 a
600 1443 672 1509 solo
688 1444 835 1510 Caesare
851 1443 952 1528 digna
968 1442 1048 1528 regi.

328 1544 470 1609 Deliciis
486 1546 624 1612 Latium
641 1548 821 1633 superabat
835 1569 843 1625 ;
867 1547 1034 1613 Thessala
1050 1547 1191 1631 Tempe,

374 1647 487 1714 Prisca
502 1648 555 1713 vel
572 1649 703 1715 Alcinoi
719 1670 808 1728 rura,
825 1649 929 1715 fuisse
944 1659 1054 1733 putes

328 1749 395 1816 Hic
412 1750 555 1817 fecunda
572 1753 683 1831 Pales,
700 1763 733 1819 et
749 1752 878 1837 primae
895 1753 1043 1818 consitor
1058 1775 1153 1831 uvae,

371 1857 416 1920 Et
436 1858 588 1923 Pomona
603 1858 707 1923 larem
725 1858 807 1936 fixit,
822 1868 857 1924 et
872 1857 964 1923 alma
980 1859 1093 1925 Ceres.

329 1959 434 2024 Dives
449 1971 521 2026 erat
537 1961 702 2045 populus;
727 1961 879 2028 munitae
895 1972 928 2027 et
944 1960 1121 2028 moenibus
1137 1961 1256 2039 urbes;

371 2064 417 2128 Et
434 2064 526 2148 digni
543 2085 707 2148 proavum
723 2076 857 2149 sceptra
872 2075 986 2131 tenere
1002 2067 1115 2130 duces.

329 2168 426 2232 Haec
442 2189 575 2252 quoque
593 2167 762 2235 Pieridum
778 2169 912 2247 domus,
928 2178 962 2234 et
978 2168 1086 2236 tutela
1103 2167 1291 2247 Minervae,

372 2270 417 2335 Et
434 2270 511 2336 fidei
527 2269 650 2336 cultrix
665 2281 698 2337 et
714 2271 852 2357 pietatis
867 2282 948 2338 erat.

328 2374 508 2439 Vastatam
525 2395 616 2439 nunc
633 2375 744 2440 Marte
759 2374 862 2450 vides,
877 2386 911 2441 et
926 2374 1081 2441 tristibus
1096 2373 1220 2452 armis;

371 2475 472 2544 Orbis
488 2486 522 2542 et
537 2477 763 2563 opprobrium,
779 2499 865 2563 quae
880 2477 944 2543 fuit
960 2488 1039 2544 ante
1055 2479 1165 2544 decus

329 2583 369 2646 In
385 2603 500 2666 pecus,
518 2582 552 2646 in
568 2582 666 2661 vites,
683 2582 812 2666 patrios
827 2582 893 2649 ruit
910 2583 1019 2648 hostis
1034 2583 1068 2647 in
1085 2584 1211 2658 hortos,

373 2687 418 2751 Et
435 2697 568 2771 segetes
584 2686 702 2753 stricto
718 2686 865 2753 vidimus
879 2708 960 2752 ense
976 2686 1069 2752 meti.

329 2789 462 2875 Oppida
478 2811 555 2855 cum
572 2789 705 2875 populis
720 2790 841 2856 evertit
858 2790 1015 2858 Caesaris
1031 2789 1102 2856 ira:

373 2895 516 2959 Iunctus
532 2895 610 2959 Iber
624 2915 800 2978 procerum
817 2894 982 2979 sanguine
997 2892 1099 2959 tinxit
1114 2893 1266 2960 humum.
1515 2908 1557 2955 20

331 2995 445 3061 Pallas
461 3007 494 3062 et
511 2997 638 3063 Aoniae
655 2997 748 3064 lituis
764 2998 878 3082 fugere
894 3019 1047 3064 sorores:

375 3099 476 3184 Fugit
492 3110 524 3165 et
542 3121 562 3165 a
578 3100 698 3166 castris
709 3122 788 3167 cum
804 3100 931 3185 pietate
947 3101 1040 3165 fides

329 3201 440 3268 Teuto
456 3202 577 3286 quibus
593 3201 703 3288 periit,
719 3202 798 3288 fuge
813 3222 897 3287 gens
910 3201 1085 3286 Fergusia,
1102 3210 1233 3283 syrtes:

375 3306 471 3371 Illius
487 3305 589 3371 exitio
604 3306 738 3372 cautius
754 3327 849 3372 arma
864 3305 955 3371 time

331 3413 418 3478 Sunt
434 3411 495 3476 tibi
512 3410 598 3476 ruris
613 3433 705 3495 opes,
716 3421 750 3476 et
766 3411 885 3495 plenae
902 3409 1031 3475 civibus
1047 3409 1167 3484 urbes;

375 3517 420 3580 Et
436 3536 590 3599 proceres
605 3514 706 3598 patrii
721 3514 851 3580 lumina
865 3536 950 3599 pura
966 3513 1037 3578 soli.

330 3618 426 3683 Atria
442 3639 505 3683 nec
521 3620 642 3683 desunt
660 3617 781 3694 Musis,
794 3638 857 3683 nec
872 3617 1000 3701 templa
1017 3615 1211 3693 Minervae;

375 3722 420 3786 Et
437 3721 575 3788 delubra
592 3724 705 3789 Deum
722 3721 822 3807 plena
834 3721 953 3787 nitoris
969 3721 1081 3788 habes

332 3828 425 3892 Mars
441 3826 545 3892 semel
562 3848 727 3894 accensus
741 3825 958 3913 populabitur
973 3825 1087 3893 omnia
1102 3824 1272 3892 flammis:

375 3930 552 4010 Flectitur,
568 3931 635 3997 ahl
659 3931 754 3998 nulla
770 3929 887 3997 militis
903 3929 953 3996 ira
967 3951 1074 4015 prece.

333 4034 499 4119 Exemplo
515 4056 678 4119 proavum
694 4034 764 4102 noli
779 4056 914 4121 sperare
929 4034 1121 4121 triumphos
1134 4057 1143 4112 ;

320 4202 343 4252 5.
365 4190 433 4239 Dum
445 4203 494 4253 pax
506 4191 597 4252 esset]
630 4190 672 4240 On
684 4188 736 4240 this
747 4204 876 4255 sequence
887 4189 952 4240 ester
963 4192 979 4219 ‘¹
987 4187 1078 4250 dum,”
1088 4202 1132 4238 see
1143 4185 1202 4239 Vol.
1217 4185 1239 4236 l.
1250 4200 1276 4251 p.
1288 4198 1329 4249 35,
1341 4200 1378 4244 n..
1390 4185 1408 4238 1.
1421 4200 1445 4250 3.

307 4288 344 4336 17.
365 4272 395 4321 In
407 4287 494 4338 pecus,
507 4272 533 4322 in
544 4272 632 4336 vites.]
665 4273 724 4325 Tite
734 4273 912 4325 devastatione
922 4289 958 4325 on
970 4273 1015 4323 the
1027 4269 1172 4322 Rhineland
1185 4268 1238 4320 had
1253 4268 1319 4320 hm
1331 4268 1439 4333 lorcibly
1449 4268 1560 4334 brought

201 4353 278 4404 home
289 4362 318 4404 to
328 4354 467 4417 Johnston,
479 4369 509 4404 as
520 4354 547 4403 in
559 4354 689 4407 Gordon‘s
699 4356 773 4407 Scots
784 4355 894 4422 Affairs,
908 4355 928 4404 1.
941 4371 983 4419 pp.
997 4367 1082 4416 32·34,
1093 4351 1228 4417 including
1239 4349 1318 4402 Latin
1329 4359 1391 4402 note
1402 4359 1430 4401 at
1440 4350 1519 4402 close.

305 4451 345 4485 ao.
364 4437 471 4486 Iunctus
484 4435 563 4499 lbos]
596 4436 654 4486 The
667 4434 794 4502 Spaniard
805 4435 896 4489 eerved
909 4436 935 4486 in
952 4435 997 4485 the
1014 4432 1135 4499 Imperial
1151 4432 1253 4484 hostin
1270 4432 1403 4497 Germauy
1419 4431 1560 4496 (Schiller’s

205 4517 384 4568 Wollaensteins
396 4518 519 4582 Lugent
536 4519 600 4581 145).
