<?xml version="1.0" encoding="UTF-8"?>
<!DOCTYPE html PUBLIC "-//W3C//DTD XHTML 1.0 Transitional//EN"
    "http://www.w3.org/TR/xhtml1/DTD/xhtml1-transitional.dtd">
<html xmlns="http://www.w3.org/1999/xhtml" xml:lang="en" lang="en">
 <head>
  <title>
</title>
<meta http-equiv="Content-Type" content="text/html;charset=utf-8" />
  <meta name='ocr-system' content='tesseract 3.04.00' />
  <meta name='ocr-capabilities' content='ocr_page ocr_carea ocr_par ocr_line ocrx_word'/>
</head>
<body>
  <div class='ocr_page' id='page_1' title='image "./musalatinaaberd00leasgoog_0327.png"; bbox 0 0 4162 5842; ppageno 0'>
   <div class='ocr_carea' id='block_1_1' title="bbox 797 554 1264 633">
    <p class='ocr_par' dir='ltr' id='par_1_1' title="bbox 797 554 1264 633">
     <span class='ocr_line' id='line_1_1' title="bbox 797 554 1264 633; baseline -0.006 -15"><span class='ocrx_word' id='word_1_1' title='bbox 797 571 960 618; x_wconf 75' lang='lat' dir='ltr'><strong>rmum</strong></span> <span class='ocrx_word' id='word_1_2' title='bbox 982 554 1264 633; x_wconf 69' lang='lat' dir='ltr'><strong>(summm).</strong></span> 
     </span>
    </p>
   </div>
   <div class='ocr_carea' id='block_1_2' title="bbox 483 725 1479 3611">
    <p class='ocr_par' dir='ltr' id='par_1_2' title="bbox 483 725 1479 3611">
     <span class='ocr_line' id='line_1_2' title="bbox 486 725 1345 812; baseline -0.005 -18"><span class='ocrx_word' id='word_1_3' title='bbox 486 725 1345 812; x_wconf 60' lang='lat' dir='ltr'><strong>Uberaplenaffegilooulimihisemperiuanes,</strong></span> 
     </span>
     <span class='ocr_line' id='line_1_3' title="bbox 528 828 1317 913; baseline -0.003 -18"><span class='ocrx_word' id='word_1_4' title='bbox 528 835 660 895; x_wconf 80' lang='lat' dir='ltr'>Aureus</span> <span class='ocrx_word' id='word_1_5' title='bbox 676 830 754 896; x_wconf 92' lang='lat' dir='ltr'><strong>huic</strong></span> <span class='ocrx_word' id='word_1_6' title='bbox 769 829 861 894; x_wconf 89' lang='lat' dir='ltr'><strong>nitor</strong></span> <span class='ocrx_word' id='word_1_7' title='bbox 873 839 939 907; x_wconf 83' lang='lat' dir='ltr'><strong>est,</strong></span> <span class='ocrx_word' id='word_1_8' title='bbox 954 851 1010 895; x_wconf 89' lang='lat' dir='ltr'><strong>me</strong></span> <span class='ocrx_word' id='word_1_9' title='bbox 1024 828 1109 913; x_wconf 90' lang='lat' dir='ltr'><strong>tegit</strong></span> <span class='ocrx_word' id='word_1_10' title='bbox 1125 840 1200 894; x_wconf 88' lang='lat' dir='ltr'><strong>atra</strong></span> <span class='ocrx_word' id='word_1_11' title='bbox 1218 830 1317 895; x_wconf 80' lang='lat' dir='ltr'><strong>cutis</strong></span> 
     </span>
     <span class='ocr_line' id='line_1_4' title="bbox 485 933 1347 1010; baseline -0.003 -10"><span class='ocrx_word' id='word_1_12' title='bbox 485 935 552 1001; x_wconf 85' lang='lat' dir='ltr'><strong>Sed</strong></span> <span class='ocrx_word' id='word_1_13' title='bbox 569 934 651 999; x_wconf 92' lang='lat' dir='ltr'><strong>mihi</strong></span> <span class='ocrx_word' id='word_1_14' title='bbox 667 955 745 999; x_wconf 90' lang='lat' dir='ltr'><strong>cum</strong></span> <span class='ocrx_word' id='word_1_15' title='bbox 760 933 853 999; x_wconf 82' lang='lat' dir='ltr'><strong>saxis</strong></span> <span class='ocrx_word' id='word_1_16' title='bbox 867 955 922 999; x_wconf 86' lang='lat' dir='ltr'><strong>res</strong></span> <span class='ocrx_word' id='word_1_17' title='bbox 934 943 1000 1010; x_wconf 83' lang='lat' dir='ltr'><strong>est,</strong></span> <span class='ocrx_word' id='word_1_18' title='bbox 1015 933 1236 999; x_wconf 84' lang='lat' dir='ltr'><strong>adamantina</strong></span> <span class='ocrx_word' id='word_1_19' title='bbox 1250 933 1347 999; x_wconf 86' lang='lat' dir='ltr'><strong>vobis</strong></span> 
     </span>
     <span class='ocr_line' id='line_1_5' title="bbox 529 1036 1274 1121; baseline 0 -19"><span class='ocrx_word' id='word_1_20' title='bbox 529 1039 671 1103; x_wconf 78' lang='lat' dir='ltr'><strong>Pectora</strong></span> <span class='ocrx_word' id='word_1_21' title='bbox 685 1049 775 1114; x_wconf 88' lang='lat' dir='ltr'><strong>sunt,</strong></span> <span class='ocrx_word' id='word_1_22' title='bbox 789 1036 899 1121; x_wconf 87' lang='lat' dir='ltr'><strong>pelagi</strong></span> <span class='ocrx_word' id='word_1_23' title='bbox 915 1036 1047 1101; x_wconf 90' lang='lat' dir='ltr'><strong>surdior</strong></span> <span class='ocrx_word' id='word_1_24' title='bbox 1063 1037 1157 1101; x_wconf 84' lang='lat' dir='ltr'><strong>auris</strong></span> <span class='ocrx_word' id='word_1_25' title='bbox 1174 1058 1274 1120; x_wconf 88' lang='lat' dir='ltr'><strong>aqua.</strong></span> 
     </span>
     <span class='ocr_line' id='line_1_6' title="bbox 484 1140 1329 1226; baseline -0.001 -20"><span class='ocrx_word' id='word_1_26' title='bbox 484 1143 594 1226; x_wconf 82' lang='lat' dir='ltr'><strong>Atque</strong></span> <span class='ocrx_word' id='word_1_27' title='bbox 610 1140 741 1206; x_wconf 90' lang='lat' dir='ltr'><strong>utinam</strong></span> <span class='ocrx_word' id='word_1_28' title='bbox 756 1151 892 1206; x_wconf 84' lang='lat' dir='ltr'><strong>tantum</strong></span> <span class='ocrx_word' id='word_1_29' title='bbox 907 1151 1086 1205; x_wconf 61' lang='lat' dir='ltr'><strong>conamur</strong></span> <span class='ocrx_word' id='word_1_30' title='bbox 1099 1140 1201 1205; x_wconf 89' lang='lat' dir='ltr'><strong>nenia</strong></span> <span class='ocrx_word' id='word_1_31' title='bbox 1216 1142 1329 1218; x_wconf 88' lang='lat' dir='ltr'><strong>surdo,</strong></span> 
     </span>
     <span class='ocr_line' id='line_1_7' title="bbox 527 1246 1336 1328; baseline 0 -20"><span class='ocrx_word' id='word_1_32' title='bbox 527 1248 595 1309; x_wconf 85' lang='lat' dir='ltr'><strong>Aut</strong></span> <span class='ocrx_word' id='word_1_33' title='bbox 611 1255 768 1328; x_wconf 83' lang='lat' dir='ltr'><strong>raperent</strong></span> <span class='ocrx_word' id='word_1_34' title='bbox 783 1255 924 1328; x_wconf 85' lang='lat' dir='ltr'><strong>questus</strong></span> <span class='ocrx_word' id='word_1_35' title='bbox 939 1254 1062 1309; x_wconf 86' lang='lat' dir='ltr'><strong>ventus</strong></span> <span class='ocrx_word' id='word_1_36' title='bbox 1075 1254 1110 1308; x_wconf 93' lang='lat' dir='ltr'><strong>et</strong></span> <span class='ocrx_word' id='word_1_37' title='bbox 1126 1246 1217 1308; x_wconf 89' lang='lat' dir='ltr'><strong>unda</strong></span> <span class='ocrx_word' id='word_1_38' title='bbox 1232 1265 1336 1308; x_wconf 79' lang='lat' dir='ltr'><strong>meos</strong></span> 
     </span>
     <span class='ocr_line' id='line_1_8' title="bbox 485 1346 1362 1431; baseline -0.002 -20"><span class='ocrx_word' id='word_1_39' title='bbox 485 1347 577 1411; x_wconf 92' lang='lat' dir='ltr'><strong>Dum</strong></span> <span class='ocrx_word' id='word_1_40' title='bbox 594 1357 673 1431; x_wconf 86' lang='lat' dir='ltr'><strong>peto</strong></span> <span class='ocrx_word' id='word_1_41' title='bbox 687 1347 776 1431; x_wconf 95' lang='lat' dir='ltr'><strong>quod</strong></span> <span class='ocrx_word' id='word_1_42' title='bbox 791 1346 843 1410; x_wconf 85' lang='lat' dir='ltr'><strong>ias</strong></span> <span class='ocrx_word' id='word_1_43' title='bbox 857 1355 921 1424; x_wconf 83' lang='lat' dir='ltr'><strong>est,</strong></span> <span class='ocrx_word' id='word_1_44' title='bbox 934 1346 1070 1411; x_wconf 90' lang='lat' dir='ltr'><strong>balatus</strong></span> <span class='ocrx_word' id='word_1_45' title='bbox 1085 1346 1216 1411; x_wconf 87' lang='lat' dir='ltr'><strong>tollitur</strong></span> <span class='ocrx_word' id='word_1_46' title='bbox 1232 1346 1362 1430; x_wconf 86' lang='lat' dir='ltr'><strong>ingens,</strong></span> 
     </span>
     <span class='ocr_line' id='line_1_9' title="bbox 529 1449 1285 1534; baseline -0.001 -19"><span class='ocrx_word' id='word_1_47' title='bbox 529 1452 678 1534; x_wconf 80' lang='lat' dir='ltr'><strong>Parsque</strong></span> <span class='ocrx_word' id='word_1_48' title='bbox 692 1449 804 1534; x_wconf 89' lang='lat' dir='ltr'><strong>gregis</strong></span> <span class='ocrx_word' id='word_1_49' title='bbox 818 1470 922 1515; x_wconf 90' lang='lat' dir='ltr'><strong>cornu</strong></span> <span class='ocrx_word' id='word_1_50' title='bbox 938 1470 993 1514; x_wconf 89' lang='lat' dir='ltr'><strong>me</strong></span> <span class='ocrx_word' id='word_1_51' title='bbox 1008 1449 1182 1533; x_wconf 85' lang='lat' dir='ltr'><strong>petulante</strong></span> <span class='ocrx_word' id='word_1_52' title='bbox 1197 1449 1285 1514; x_wconf 82' lang='lat' dir='ltr'><strong>serit.</strong></span> 
     </span>
     <span class='ocr_line' id='line_1_10' title="bbox 486 1554 1396 1639; baseline 0.002 -21"><span class='ocrx_word' id='word_1_53' title='bbox 486 1555 596 1619; x_wconf 89' lang='lat' dir='ltr'><strong>Prurit</strong></span> <span class='ocrx_word' id='word_1_54' title='bbox 612 1566 647 1620; x_wconf 92' lang='lat' dir='ltr'><strong>et</strong></span> <span class='ocrx_word' id='word_1_55' title='bbox 662 1554 697 1619; x_wconf 92' lang='lat' dir='ltr'><strong>in</strong></span> <span class='ocrx_word' id='word_1_56' title='bbox 713 1575 862 1639; x_wconf 86' lang='lat' dir='ltr'><strong>pugnam</strong></span> <span class='ocrx_word' id='word_1_57' title='bbox 877 1555 970 1620; x_wconf 84' lang='lat' dir='ltr'><strong>natis</strong></span> <span class='ocrx_word' id='word_1_58' title='bbox 985 1555 1086 1619; x_wconf 92' lang='lat' dir='ltr'><strong>modo</strong></span> <span class='ocrx_word' id='word_1_59' title='bbox 1100 1555 1259 1619; x_wconf 87' lang='lat' dir='ltr'><strong>cornibus</strong></span> <span class='ocrx_word' id='word_1_60' title='bbox 1273 1575 1396 1638; x_wconf 84' lang='lat' dir='ltr'><strong>agnus,</strong></span> 
     </span>
     <span class='ocr_line' id='line_1_11' title="bbox 528 1657 1340 1748; baseline -0.004 -23"><span class='ocrx_word' id='word_1_61' title='bbox 528 1660 689 1746; x_wconf 83' lang='lat' dir='ltr'><strong>Quaeque</strong></span> <span class='ocrx_word' id='word_1_62' title='bbox 704 1668 817 1743; x_wconf 83' lang='lat' dir='ltr'><strong>potest</strong></span> <span class='ocrx_word' id='word_1_63' title='bbox 831 1657 944 1748; x_wconf 73' lang='lat' dir='ltr'><strong>posito</strong></span> <span class='ocrx_word' id='word_1_64' title='bbox 958 1657 1101 1723; x_wconf 89' lang='lat' dir='ltr'><strong>ventilat</strong></span> <span class='ocrx_word' id='word_1_65' title='bbox 1120 1680 1215 1723; x_wconf 92' lang='lat' dir='ltr'><strong>arma</strong></span> <span class='ocrx_word' id='word_1_66' title='bbox 1233 1669 1340 1723; x_wconf 89' lang='lat' dir='ltr'><strong>metu.</strong></span> 
     </span>
     <span class='ocr_line' id='line_1_12' title="bbox 484 1762 1226 1829; baseline 0 -2"><span class='ocrx_word' id='word_1_67' title='bbox 484 1763 588 1828; x_wconf 81' lang='lat' dir='ltr'><strong>Exuit</strong></span> <span class='ocrx_word' id='word_1_68' title='bbox 604 1762 773 1827; x_wconf 85' lang='lat' dir='ltr'><strong>humanos</strong></span> <span class='ocrx_word' id='word_1_69' title='bbox 786 1762 930 1829; x_wconf 87' lang='lat' dir='ltr'><strong>Circaeo</strong></span> <span class='ocrx_word' id='word_1_70' title='bbox 943 1762 1095 1828; x_wconf 89' lang='lat' dir='ltr'><strong>carmine</strong></span> <span class='ocrx_word' id='word_1_71' title='bbox 1109 1764 1226 1828; x_wconf 87' lang='lat' dir='ltr'><strong>vultus</strong></span> 
     </span>
     <span class='ocr_line' id='line_1_13' title="bbox 528 1864 1307 1932; baseline -0.003 -2"><span class='ocrx_word' id='word_1_72' title='bbox 528 1865 592 1931; x_wconf 91' lang='lat' dir='ltr'><strong>Per</strong></span> <span class='ocrx_word' id='word_1_73' title='bbox 606 1887 698 1931; x_wconf 87' lang='lat' dir='ltr'><strong>mare</strong></span> <span class='ocrx_word' id='word_1_74' title='bbox 716 1864 914 1932; x_wconf 85' lang='lat' dir='ltr'><strong>Dulichium</strong></span> <span class='ocrx_word' id='word_1_75' title='bbox 928 1867 1029 1932; x_wconf 88' lang='lat' dir='ltr'><strong>turba</strong></span> <span class='ocrx_word' id='word_1_76' title='bbox 1043 1875 1160 1931; x_wconf 70' lang='lat' dir='ltr'><strong>oecuta</strong></span> <span class='ocrx_word' id='word_1_77' title='bbox 1175 1866 1307 1930; x_wconf 89' lang='lat' dir='ltr'><strong>ducem.</strong></span> 
     </span>
     <span class='ocr_line' id='line_1_14' title="bbox 485 1969 1394 2054; baseline 0 -20"><span class='ocrx_word' id='word_1_78' title='bbox 485 1971 568 2036; x_wconf 89' lang='lat' dir='ltr'><strong>Pars</strong></span> <span class='ocrx_word' id='word_1_79' title='bbox 583 1969 655 2035; x_wconf 88' lang='lat' dir='ltr'><strong>suis</strong></span> <span class='ocrx_word' id='word_1_80' title='bbox 669 1969 866 2037; x_wconf 81' lang='lat' dir='ltr'><strong>immundae</strong></span> <span class='ocrx_word' id='word_1_81' title='bbox 879 1969 996 2047; x_wconf 86' lang='lat' dir='ltr'><strong>rictus,</strong></span> <span class='ocrx_word' id='word_1_82' title='bbox 1012 1991 1092 2054; x_wconf 87' lang='lat' dir='ltr'><strong>pars</strong></span> <span class='ocrx_word' id='word_1_83' title='bbox 1106 1969 1237 2052; x_wconf 78' lang='lat' dir='ltr'><strong>tigridis</strong></span> <span class='ocrx_word' id='word_1_84' title='bbox 1252 1990 1394 2053; x_wconf 87' lang='lat' dir='ltr'><strong>ungues,</strong></span> 
     </span>
     <span class='ocr_line' id='line_1_15' title="bbox 528 2071 1265 2159; baseline -0.005 -18"><span class='ocrx_word' id='word_1_85' title='bbox 528 2075 664 2141; x_wconf 88' lang='lat' dir='ltr'><strong>Cornua</strong></span> <span class='ocrx_word' id='word_1_86' title='bbox 679 2095 758 2159; x_wconf 85' lang='lat' dir='ltr'><strong>pars</strong></span> <span class='ocrx_word' id='word_1_87' title='bbox 771 2072 858 2141; x_wconf 74' lang='lat' dir='ltr'><strong>torvi</strong></span> <span class='ocrx_word' id='word_1_88' title='bbox 873 2074 1018 2159; x_wconf 80' lang='lat' dir='ltr'><strong>sumpsit</strong></span> <span class='ocrx_word' id='word_1_89' title='bbox 1034 2085 1068 2139; x_wconf 91' lang='lat' dir='ltr'><strong>et</strong></span> <span class='ocrx_word' id='word_1_90' title='bbox 1084 2095 1144 2139; x_wconf 88' lang='lat' dir='ltr'><strong>ora</strong></span> <span class='ocrx_word' id='word_1_91' title='bbox 1158 2071 1265 2139; x_wconf 87' lang='lat' dir='ltr'><strong>bovis.</strong></span> 
     </span>
     <span class='ocr_line' id='line_1_16' title="bbox 486 2176 1227 2262; baseline 0 -20"><span class='ocrx_word' id='word_1_92' title='bbox 486 2176 554 2244; x_wconf 91' lang='lat' dir='ltr'><strong>Hic</strong></span> <span class='ocrx_word' id='word_1_93' title='bbox 569 2177 637 2244; x_wconf 89' lang='lat' dir='ltr'><strong>ritu</strong></span> <span class='ocrx_word' id='word_1_94' title='bbox 652 2179 776 2244; x_wconf 86' lang='lat' dir='ltr'><strong>latrare</strong></span> <span class='ocrx_word' id='word_1_95' title='bbox 789 2177 897 2256; x_wconf 71' lang='lat' dir='ltr'><strong>mnis,</strong></span> <span class='ocrx_word' id='word_1_96' title='bbox 913 2198 992 2262; x_wconf 85' lang='lat' dir='ltr'><strong>pars</strong></span> <span class='ocrx_word' id='word_1_97' title='bbox 1007 2177 1116 2243; x_wconf 88' lang='lat' dir='ltr'><strong>instar</strong></span> <span class='ocrx_word' id='word_1_98' title='bbox 1131 2176 1227 2242; x_wconf 84' lang='lat' dir='ltr'><strong>aselli</strong></span> 
     </span>
     <span class='ocr_line' id='line_1_17' title="bbox 529 2281 1244 2367; baseline -0.001 -20"><span class='ocrx_word' id='word_1_99' title='bbox 529 2283 672 2360; x_wconf 88' lang='lat' dir='ltr'><strong>Rudere‚</strong></span> <span class='ocrx_word' id='word_1_100' title='bbox 687 2303 766 2367; x_wconf 86' lang='lat' dir='ltr'><strong>pars</strong></span> <span class='ocrx_word' id='word_1_101' title='bbox 780 2282 892 2367; x_wconf 85' lang='lat' dir='ltr'><strong>coepit</strong></span> <span class='ocrx_word' id='word_1_102' title='bbox 908 2303 1001 2348; x_wconf 91' lang='lat' dir='ltr'><strong>more</strong></span> <span class='ocrx_word' id='word_1_103' title='bbox 1017 2283 1148 2347; x_wconf 86' lang='lat' dir='ltr'><strong>ululare</strong></span> <span class='ocrx_word' id='word_1_104' title='bbox 1163 2281 1244 2366; x_wconf 91' lang='lat' dir='ltr'><strong>lupi.</strong></span> 
     </span>
     <span class='ocr_line' id='line_1_18' title="bbox 484 2382 1479 2470; baseline -0.003 -19"><span class='ocrx_word' id='word_1_105' title='bbox 484 2388 537 2451; x_wconf 81' lang='lat' dir='ltr'><strong>An</strong></span> <span class='ocrx_word' id='word_1_106' title='bbox 554 2385 637 2451; x_wconf 90' lang='lat' dir='ltr'><strong>mihi</strong></span> <span class='ocrx_word' id='word_1_107' title='bbox 654 2386 830 2453; x_wconf 88' lang='lat' dir='ltr'><strong>balantum</strong></span> <span class='ocrx_word' id='word_1_108' title='bbox 847 2407 928 2470; x_wconf 86' lang='lat' dir='ltr'><strong>grex</strong></span> <span class='ocrx_word' id='word_1_109' title='bbox 943 2395 995 2450; x_wconf 91' lang='lat' dir='ltr'><strong>est</strong></span> <span class='ocrx_word' id='word_1_110' title='bbox 1008 2407 1142 2470; x_wconf 91' lang='lat' dir='ltr'><strong>quoque</strong></span> <span class='ocrx_word' id='word_1_111' title='bbox 1159 2406 1277 2450; x_wconf 86' lang='lat' dir='ltr'><strong>versus</strong></span> <span class='ocrx_word' id='word_1_112' title='bbox 1292 2384 1326 2448; x_wconf 89' lang='lat' dir='ltr'><strong>iu</strong></span> <span class='ocrx_word' id='word_1_113' title='bbox 1342 2382 1479 2449; x_wconf 82' lang='lat' dir='ltr'><strong>bimos?</strong></span> 
     </span>
     <span class='ocr_line' id='line_1_19' title="bbox 527 2488 1266 2575; baseline -0.001 -22"><span class='ocrx_word' id='word_1_114' title='bbox 527 2491 580 2553; x_wconf 84' lang='lat' dir='ltr'><strong>An</strong></span> <span class='ocrx_word' id='word_1_115' title='bbox 596 2500 731 2556; x_wconf 90' lang='lat' dir='ltr'><strong>tantum</strong></span> <span class='ocrx_word' id='word_1_116' title='bbox 746 2489 899 2575; x_wconf 87' lang='lat' dir='ltr'><strong>placidae</strong></span> <span class='ocrx_word' id='word_1_117' title='bbox 914 2489 1143 2573; x_wconf 80' lang='lat' dir='ltr'><strong>degenerastis</strong></span> <span class='ocrx_word' id='word_1_118' title='bbox 1161 2488 1266 2553; x_wconf 87' lang='lat' dir='ltr'><strong>oves?</strong></span> 
     </span>
     <span class='ocr_line' id='line_1_20' title="bbox 485 2588 1318 2677; baseline 0 -21"><span class='ocrx_word' id='word_1_119' title='bbox 485 2592 542 2656; x_wconf 84' lang='lat' dir='ltr'><strong>Me</strong></span> <span class='ocrx_word' id='word_1_120' title='bbox 558 2591 660 2656; x_wconf 89' lang='lat' dir='ltr'><strong>nimis</strong></span> <span class='ocrx_word' id='word_1_121' title='bbox 675 2588 822 2677; x_wconf 73' lang='lat' dir='ltr'><strong>obbquis</strong></span> <span class='ocrx_word' id='word_1_122' title='bbox 836 2591 944 2656; x_wconf 91' lang='lat' dir='ltr'><strong>oculis</strong></span> <span class='ocrx_word' id='word_1_123' title='bbox 959 2612 1063 2675; x_wconf 89' lang='lat' dir='ltr'><strong>pecus</strong></span> <span class='ocrx_word' id='word_1_124' title='bbox 1077 2612 1178 2656; x_wconf 91' lang='lat' dir='ltr'><strong>omne</strong></span> <span class='ocrx_word' id='word_1_125' title='bbox 1193 2600 1318 2668; x_wconf 86' lang='lat' dir='ltr'><strong>tuetur,</strong></span> 
     </span>
     <span class='ocr_line' id='line_1_21' title="bbox 528 2686 1285 2778; baseline -0.001 -20"><span class='ocrx_word' id='word_1_126' title='bbox 528 2693 631 2758; x_wconf 87' lang='lat' dir='ltr'><strong>Hirta</strong></span> <span class='ocrx_word' id='word_1_127' title='bbox 646 2686 748 2761; x_wconf 76' lang='lat' dir='ltr'><strong>nimis</strong></span> <span class='ocrx_word' id='word_1_128' title='bbox 763 2693 856 2759; x_wconf 81' lang='lat' dir='ltr'><strong>frons</strong></span> <span class='ocrx_word' id='word_1_129' title='bbox 870 2703 935 2770; x_wconf 86' lang='lat' dir='ltr'><strong>est,</strong></span> <span class='ocrx_word' id='word_1_130' title='bbox 950 2704 985 2758; x_wconf 93' lang='lat' dir='ltr'><strong>et</strong></span> <span class='ocrx_word' id='word_1_131' title='bbox 1000 2703 1160 2778; x_wconf 84' lang='lat' dir='ltr'><strong>caperata</strong></span> <span class='ocrx_word' id='word_1_132' title='bbox 1175 2693 1285 2758; x_wconf 80' lang='lat' dir='ltr'><strong>nimis</strong></span> 
     </span>
     <span class='ocr_line' id='line_1_22' title="bbox 487 2796 1390 2882; baseline 0.001 -20"><span class='ocrx_word' id='word_1_133' title='bbox 487 2796 624 2882; x_wconf 84' lang='lat' dir='ltr'><strong>Mulgeo</strong></span> <span class='ocrx_word' id='word_1_134' title='bbox 638 2817 662 2862; x_wconf 93' lang='lat' dir='ltr'><strong>u</strong></span> <span class='ocrx_word' id='word_1_135' title='bbox 706 2797 879 2881; x_wconf 88' lang='lat' dir='ltr'><strong>uidquam,</strong></span> <span class='ocrx_word' id='word_1_136' title='bbox 896 2797 1123 2882; x_wconf 88' lang='lat' dir='ltr'><strong>nequidquam</strong></span> <span class='ocrx_word' id='word_1_137' title='bbox 1139 2798 1263 2863; x_wconf 86' lang='lat' dir='ltr'><strong>vellera</strong></span> <span class='ocrx_word' id='word_1_138' title='bbox 1277 2818 1390 2882; x_wconf 86' lang='lat' dir='ltr'><strong>posco,</strong></span> 
     </span>
     <span class='ocr_line' id='line_1_23' title="bbox 528 2900 1347 2985; baseline 0.002 -21"><span class='ocrx_word' id='word_1_139' title='bbox 528 2900 625 2966; x_wconf 86' lang='lat' dir='ltr'><strong>Haec</strong></span> <span class='ocrx_word' id='word_1_140' title='bbox 640 2921 685 2985; x_wconf 92' lang='lat' dir='ltr'><strong>qu</strong></span> <span class='ocrx_word' id='word_1_141' title='bbox 730 2921 773 2964; x_wconf 91' lang='lat' dir='ltr'><strong>ue</strong></span> <span class='ocrx_word' id='word_1_142' title='bbox 788 2900 869 2965; x_wconf 91' lang='lat' dir='ltr'><strong>dum</strong></span> <span class='ocrx_word' id='word_1_143' title='bbox 884 2920 997 2984; x_wconf 87' lang='lat' dir='ltr'><strong>posco,</strong></span> <span class='ocrx_word' id='word_1_144' title='bbox 1015 2920 1117 2984; x_wconf 83' lang='lat' dir='ltr'><strong>uogor</strong></span> <span class='ocrx_word' id='word_1_145' title='bbox 1130 2901 1252 2966; x_wconf 85' lang='lat' dir='ltr'><strong>acerba</strong></span> <span class='ocrx_word' id='word_1_146' title='bbox 1266 2901 1347 2985; x_wconf 82' lang='lat' dir='ltr'><strong>pati</strong></span> 
     </span>
     <span class='ocr_line' id='line_1_24' title="bbox 484 3000 1274 3073; baseline 0 -4"><span class='ocrx_word' id='word_1_147' title='bbox 484 3005 561 3070; x_wconf 87' lang='lat' dir='ltr'><strong>Hoc</strong></span> <span class='ocrx_word' id='word_1_148' title='bbox 577 3003 660 3071; x_wconf 90' lang='lat' dir='ltr'><strong>mihi</strong></span> <span class='ocrx_word' id='word_1_149' title='bbox 675 3000 833 3073; x_wconf 59' lang='lat' dir='ltr'><strong>deesset</strong></span> <span class='ocrx_word' id='word_1_150' title='bbox 851 3004 924 3069; x_wconf 88' lang='lat' dir='ltr'><strong>Diti</strong></span> <span class='ocrx_word' id='word_1_151' title='bbox 941 3015 1089 3070; x_wconf 89' lang='lat' dir='ltr'><strong>mactare</strong></span> <span class='ocrx_word' id='word_1_152' title='bbox 1105 3004 1274 3071; x_wconf 88' lang='lat' dir='ltr'><strong>bidental:</strong></span> 
     </span>
     <span class='ocr_line' id='line_1_25' title="bbox 528 3088 1253 3219; baseline 0 -47"><span class='ocrx_word' id='word_1_153' title='bbox 528 3108 590 3173; x_wconf 91' lang='lat' dir='ltr'><strong>Ille</strong></span> <span class='ocrx_word' id='word_1_154' title='bbox 608 3109 703 3174; x_wconf 89' lang='lat' dir='ltr'><strong>Deus</strong></span> <span class='ocrx_word' id='word_1_155' title='bbox 717 3088 834 3219; x_wconf 47' lang='lat' dir='ltr'><strong>fdgrae</strong></span> <span class='ocrx_word' id='word_1_156' title='bbox 850 3109 1016 3193; x_wconf 87' lang='lat' dir='ltr'><strong>sanguine</strong></span> <span class='ocrx_word' id='word_1_157' title='bbox 1031 3110 1155 3194; x_wconf 90' lang='lat' dir='ltr'><strong>gaudet</strong></span> <span class='ocrx_word' id='word_1_158' title='bbox 1171 3109 1253 3174; x_wconf 86' lang='lat' dir='ltr'><strong>ovis.</strong></span> 
     </span>
     <span class='ocr_line' id='line_1_26' title="bbox 484 3212 1300 3317; baseline 0.002 -41"><span class='ocrx_word' id='word_1_159' title='bbox 484 3213 524 3276; x_wconf 95' lang='lat' dir='ltr'><strong>In</strong></span> <span class='ocrx_word' id='word_1_160' title='bbox 540 3233 644 3297; x_wconf 91' lang='lat' dir='ltr'><strong>pecus</strong></span> <span class='ocrx_word' id='word_1_161' title='bbox 659 3212 829 3317; x_wconf 45' lang='lat' dir='ltr'><strong>ingmtum</strong></span> <span class='ocrx_word' id='word_1_162' title='bbox 846 3212 898 3278; x_wconf 82' lang='lat' dir='ltr'><strong>las</strong></span> <span class='ocrx_word' id='word_1_163' title='bbox 913 3222 1003 3278; x_wconf 88' lang='lat' dir='ltr'><strong>esset</strong></span> <span class='ocrx_word' id='word_1_164' title='bbox 1018 3213 1183 3297; x_wconf 88' lang='lat' dir='ltr'><strong>stringere</strong></span> <span class='ocrx_word' id='word_1_165' title='bbox 1198 3213 1300 3291; x_wconf 90' lang='lat' dir='ltr'><strong>diras,</strong></span> 
     </span>
     <span class='ocr_line' id='line_1_27' title="bbox 525 3316 1360 3404; baseline 0.001 -22"><span class='ocrx_word' id='word_1_166' title='bbox 525 3316 676 3402; x_wconf 86' lang='lat' dir='ltr'><strong>Telaque</strong></span> <span class='ocrx_word' id='word_1_167' title='bbox 692 3324 778 3404; x_wconf 73' lang='lat' dir='ltr'><strong>qude</strong></span> <span class='ocrx_word' id='word_1_168' title='bbox 794 3341 927 3383; x_wconf 90' lang='lat' dir='ltr'><strong>summo</strong></span> <span class='ocrx_word' id='word_1_169' title='bbox 943 3320 1006 3383; x_wconf 91' lang='lat' dir='ltr'><strong>sub</strong></span> <span class='ocrx_word' id='word_1_170' title='bbox 1024 3320 1103 3382; x_wconf 87' lang='lat' dir='ltr'><strong>love</strong></span> <span class='ocrx_word' id='word_1_171' title='bbox 1118 3330 1234 3402; x_wconf 90' lang='lat' dir='ltr'><strong>pastor</strong></span> <span class='ocrx_word' id='word_1_172' title='bbox 1248 3320 1360 3384; x_wconf 90' lang='lat' dir='ltr'><strong>habet.</strong></span> 
     </span>
     <span class='ocr_line' id='line_1_28' title="bbox 483 3404 1236 3511; baseline 0.003 -26"><span class='ocrx_word' id='word_1_173' title='bbox 483 3422 549 3485; x_wconf 90' lang='lat' dir='ltr'><strong>His</strong></span> <span class='ocrx_word' id='word_1_174' title='bbox 561 3444 624 3506; x_wconf 92' lang='lat' dir='ltr'><strong>ego</strong></span> <span class='ocrx_word' id='word_1_175' title='bbox 640 3404 818 3511; x_wconf 55' lang='lat' dir='ltr'><strong>permissas</strong></span> <span class='ocrx_word' id='word_1_176' title='bbox 834 3423 902 3488; x_wconf 91' lang='lat' dir='ltr'><strong>vidi</strong></span> <span class='ocrx_word' id='word_1_177' title='bbox 918 3424 1093 3488; x_wconf 86' lang='lat' dir='ltr'><strong>tabescere</strong></span> <span class='ocrx_word' id='word_1_178' title='bbox 1108 3423 1236 3500; x_wconf 90' lang='lat' dir='ltr'><strong>caulas,</strong></span> 
     </span>
     <span class='ocr_line' id='line_1_29' title="bbox 527 3523 1231 3611; baseline 0.004 -23"><span class='ocrx_word' id='word_1_179' title='bbox 527 3526 572 3588; x_wconf 90' lang='lat' dir='ltr'><strong>Et</strong></span> <span class='ocrx_word' id='word_1_180' title='bbox 589 3523 719 3607; x_wconf 72' lang='lat' dir='ltr'><strong>pecoris</strong></span> <span class='ocrx_word' id='word_1_181' title='bbox 735 3525 859 3590; x_wconf 92' lang='lat' dir='ltr'><strong>nitidos</strong></span> <span class='ocrx_word' id='word_1_182' title='bbox 875 3548 977 3610; x_wconf 86' lang='lat' dir='ltr'><strong>saepe</strong></span> <span class='ocrx_word' id='word_1_183' title='bbox 993 3527 1101 3611; x_wconf 88' lang='lat' dir='ltr'><strong>perire</strong></span> <span class='ocrx_word' id='word_1_184' title='bbox 1116 3528 1231 3591; x_wconf 90' lang='lat' dir='ltr'><strong>duces.</strong></span> 
     </span>
    </p>
   </div>
   <div class='ocr_carea' id='block_1_3' title="bbox 484 3622 1458 4230">
    <p class='ocr_par' dir='ltr' id='par_1_3' title="bbox 484 3622 1311 3818">
     <span class='ocr_line' id='line_1_30' title="bbox 484 3626 1311 3711; baseline 0.005 -21"><span class='ocrx_word' id='word_1_185' title='bbox 484 3626 634 3691; x_wconf 86' lang='lat' dir='ltr'><strong>Lacteus</strong></span> <span class='ocrx_word' id='word_1_186' title='bbox 650 3649 670 3692; x_wconf 90' lang='lat' dir='ltr'><strong>a</strong></span> <span class='ocrx_word' id='word_1_187' title='bbox 732 3640 784 3692; x_wconf 88' lang='lat' dir='ltr'><strong>rat</strong></span> <span class='ocrx_word' id='word_1_188' title='bbox 800 3629 917 3711; x_wconf 90' lang='lat' dir='ltr'><strong>liquor,</strong></span> <span class='ocrx_word' id='word_1_189' title='bbox 933 3630 1174 3696; x_wconf 90' lang='lat' dir='ltr'><strong>emorientibus</strong></span> <span class='ocrx_word' id='word_1_190' title='bbox 1190 3630 1311 3708; x_wconf 89' lang='lat' dir='ltr'><strong>herbis,</strong></span> 
     </span>
     <span class='ocr_line' id='line_1_31' title="bbox 528 3622 1224 3818; baseline 0.01 -26"><span class='ocrx_word' id='word_1_191' title='bbox 528 3731 574 3793; x_wconf 90' lang='lat' dir='ltr'><strong>Et</strong></span> <span class='ocrx_word' id='word_1_192' title='bbox 592 3622 835 3815; x_wconf 39' lang='lat' dir='ltr'><strong>prolirznitrix</strong></span> <span class='ocrx_word' id='word_1_193' title='bbox 853 3732 937 3797; x_wconf 84' lang='lat' dir='ltr'><strong>ferre</strong></span> <span class='ocrx_word' id='word_1_194' title='bbox 954 3735 1099 3817; x_wconf 88' lang='lat' dir='ltr'><strong>negabat</strong></span> <span class='ocrx_word' id='word_1_195' title='bbox 1115 3756 1224 3818; x_wconf 92' lang='lat' dir='ltr'><strong>opem.</strong></span> 
     </span>
    </p>

    <p class='ocr_par' dir='ltr' id='par_1_4' title="bbox 484 3833 1170 4022">
     <span class='ocr_line' id='line_1_32' title="bbox 484 3833 1170 3903; baseline 0.001 -3"><span class='ocrx_word' id='word_1_196' title='bbox 484 3833 639 3900; x_wconf 86' lang='lat' dir='ltr'><strong>Candida</strong></span> <span class='ocrx_word' id='word_1_197' title='bbox 656 3843 787 3903; x_wconf 85' lang='lat' dir='ltr'><strong>mutato</strong></span> <span class='ocrx_word' id='word_1_198' title='bbox 803 3835 941 3899; x_wconf 87' lang='lat' dir='ltr'><strong>defluxit</strong></span> <span class='ocrx_word' id='word_1_199' title='bbox 957 3837 1035 3901; x_wconf 85' lang='lat' dir='ltr'><strong>lana</strong></span> <span class='ocrx_word' id='word_1_200' title='bbox 1051 3837 1170 3902; x_wconf 88' lang='lat' dir='ltr'><strong>colore.</strong></span> 
     </span>
     <span class='ocr_line' id='line_1_33' title="bbox 528 3936 1121 4022; baseline 0.008 -22"><span class='ocrx_word' id='word_1_201' title='bbox 528 3938 573 4001; x_wconf 91' lang='lat' dir='ltr'><strong>Et</strong></span> <span class='ocrx_word' id='word_1_202' title='bbox 591 3937 653 4002; x_wconf 86' lang='lat' dir='ltr'><strong>fuit</strong></span> <span class='ocrx_word' id='word_1_203' title='bbox 670 3936 783 4001; x_wconf 85' lang='lat' dir='ltr'><strong>illuvie</strong></span> <span class='ocrx_word' id='word_1_204' title='bbox 799 3947 872 4002; x_wconf 85' lang='lat' dir='ltr'><strong>tota</strong></span> <span class='ocrx_word' id='word_1_205' title='bbox 888 3960 1006 4022; x_wconf 92' lang='lat' dir='ltr'><strong>peresa</strong></span> <span class='ocrx_word' id='word_1_206' title='bbox 1022 3941 1121 4005; x_wconf 88' lang='lat' dir='ltr'><strong>cutis.</strong></span> 
     </span>
    </p>

    <p class='ocr_par' dir='ltr' id='par_1_5' title="bbox 484 4039 1458 4230">
     <span class='ocr_line' id='line_1_34' title="bbox 484 4039 1458 4130; baseline 0.007 -26"><span class='ocrx_word' id='word_1_207' title='bbox 484 4039 551 4105; x_wconf 90' lang='lat' dir='ltr'><strong>His</strong></span> <span class='ocrx_word' id='word_1_208' title='bbox 567 4050 686 4109; x_wconf 87' lang='lat' dir='ltr'><strong>tamen</strong></span> <span class='ocrx_word' id='word_1_209' title='bbox 700 4041 876 4106; x_wconf 89' lang='lat' dir='ltr'><strong>abstineo:</strong></span> <span class='ocrx_word' id='word_1_210' title='bbox 902 4043 1072 4108; x_wconf 90' lang='lat' dir='ltr'><strong>Dominus</strong></span> <span class='ocrx_word' id='word_1_211' title='bbox 1087 4044 1283 4130; x_wconf 89' lang='lat' dir='ltr'><strong>pecorisque</strong></span> <span class='ocrx_word' id='word_1_212' title='bbox 1298 4044 1458 4130; x_wconf 87' lang='lat' dir='ltr'><strong>ducisque</strong></span> 
     </span>
     <span class='ocr_line' id='line_1_35' title="bbox 525 4144 1210 4230; baseline 0.003 -20"><span class='ocrx_word' id='word_1_213' title='bbox 525 4144 694 4230; x_wconf 90' lang='lat' dir='ltr'><strong>Tempore</strong></span> <span class='ocrx_word' id='word_1_214' title='bbox 709 4155 850 4211; x_wconf 90' lang='lat' dir='ltr'><strong>venturo</strong></span> <span class='ocrx_word' id='word_1_215' title='bbox 866 4144 934 4210; x_wconf 82' lang='lat' dir='ltr'><strong>sors</strong></span> <span class='ocrx_word' id='word_1_216' title='bbox 949 4147 1089 4213; x_wconf 88' lang='lat' dir='ltr'><strong>meliora</strong></span> <span class='ocrx_word' id='word_1_217' title='bbox 1104 4147 1210 4214; x_wconf 87' lang='lat' dir='ltr'><strong>dabit.</strong></span> 
     </span>
    </p>
   </div>
   <div class='ocr_carea' id='block_1_4' title="bbox 452 4402 1182 4563">
    <p class='ocr_par' dir='ltr' id='par_1_6' title="bbox 452 4402 1182 4563">
     <span class='ocr_line' id='line_1_36' title="bbox 453 4402 939 4472; baseline 0.008 -18"><span class='ocrx_word' id='word_1_218' title='bbox 453 4406 493 4469; x_wconf 80' lang='lat'><strong>78.</strong></span> <span class='ocrx_word' id='word_1_219' title='bbox 515 4402 789 4471; x_wconf 75' lang='lat' dir='ltr'><strong>Dulichiummcem]</strong></span> <span class='ocrx_word' id='word_1_220' title='bbox 823 4407 939 4472; x_wconf 81' lang='lat' dir='ltr'><strong>Ulysses.</strong></span> 
     </span>
     <span class='ocr_line' id='line_1_37' title="bbox 452 4486 1182 4563; baseline 0.007 -27"><span class='ocrx_word' id='word_1_221' title='bbox 452 4501 494 4549; x_wconf 85' lang='lat'><strong>9²·</strong></span> <span class='ocrx_word' id='word_1_222' title='bbox 513 4486 650 4554; x_wconf 74' lang='lat' dir='ltr'><strong>Telaque]</strong></span> <span class='ocrx_word' id='word_1_223' title='bbox 662 4491 666 4563; x_wconf 63' lang='lat' dir='ltr'><em>J</em></span> <span class='ocrx_word' id='word_1_224' title='bbox 682 4489 739 4538; x_wconf 84' lang='lat' dir='ltr'><strong>The</strong></span> <span class='ocrx_word' id='word_1_225' title='bbox 751 4505 874 4555; x_wconf 77' lang='lat' dir='ltr'><strong>weapons</strong></span> <span class='ocrx_word' id='word_1_226' title='bbox 885 4491 917 4541; x_wconf 84' lang='lat' dir='ltr'><strong>oi</strong></span> <span class='ocrx_word' id='word_1_227' title='bbox 923 4491 1182 4543; x_wconf 78' lang='lat' dir='ltr'><strong>excommunication.</strong></span> 
     </span>
    </p>
   </div>
   <div class='ocr_carea' id='block_1_5' title="bbox 0 0 2086 5842">
    <p class='ocr_par' dir='ltr' id='par_1_7' title="bbox 0 0 2086 5842">
     <span class='ocr_line' id='line_1_38' title="bbox 0 0 2086 5842; baseline 0 0"><span class='ocrx_word' id='word_1_228' title='bbox 0 0 2086 5842; x_wconf 95' lang='lat' dir='ltr'><strong> </strong></span> 
     </span>
    </p>
   </div>
  </div>
 </body>
</html>
