<?xml version="1.0" encoding="UTF-8"?>
<!DOCTYPE html PUBLIC "-//W3C//DTD XHTML 1.0 Transitional//EN"
    "http://www.w3.org/TR/xhtml1/DTD/xhtml1-transitional.dtd">
<html xmlns="http://www.w3.org/1999/xhtml" xml:lang="en" lang="en">
 <head>
  <title>
</title>
<meta http-equiv="Content-Type" content="text/html;charset=utf-8" />
  <meta name='ocr-system' content='tesseract 3.04.00' />
  <meta name='ocr-capabilities' content='ocr_page ocr_carea ocr_par ocr_line ocrx_word'/>
</head>
<body>
  <div class='ocr_page' id='page_1' title='image "./musalatinaaberd00leasgoog_0339.png"; bbox 0 0 4140 5834; ppageno 0'>
   <div class='ocr_carea' id='block_1_1' title="bbox 581 564 1496 646">
    <p class='ocr_par' dir='ltr' id='par_1_1' title="bbox 581 564 1496 646">
     <span class='ocr_line' id='line_1_1' title="bbox 581 564 1496 646; baseline 0.004 -21"><span class='ocrx_word' id='word_1_1' title='bbox 581 579 644 644; x_wconf 81' lang='lat'>234</span> <span class='ocrx_word' id='word_1_2' title='bbox 1029 580 1192 629; x_wconf 70' lang='lat' dir='ltr'>raasson</span> <span class='ocrx_word' id='word_1_3' title='bbox 1214 564 1496 646; x_wconf 74' lang='lat' dir='ltr'>(suraneuaur).</span> 
     </span>
    </p>
   </div>
   <div class='ocr_carea' id='block_1_2' title="bbox 715 735 1669 2385">
    <p class='ocr_par' dir='ltr' id='par_1_2' title="bbox 715 735 1669 2385">
     <span class='ocr_line' id='line_1_2' title="bbox 715 735 1468 823; baseline 0.007 -25"><span class='ocrx_word' id='word_1_4' title='bbox 715 735 877 802; x_wconf 85' lang='lat' dir='ltr'><strong>Maiestas</strong></span> <span class='ocrx_word' id='word_1_5' title='bbox 893 736 927 801; x_wconf 94' lang='lat' dir='ltr'>in</span> <span class='ocrx_word' id='word_1_6' title='bbox 944 737 1054 803; x_wconf 85' lang='lat' dir='ltr'>fronte</span> <span class='ocrx_word' id='word_1_7' title='bbox 1068 735 1141 814; x_wconf 83' lang='lat' dir='ltr'>fuit,</span> <span class='ocrx_word' id='word_1_8' title='bbox 1157 737 1334 822; x_wconf 90' lang='lat' dir='ltr'>prudentia</span> <span class='ocrx_word' id='word_1_9' title='bbox 1349 746 1468 823; x_wconf 88' lang='lat' dir='ltr'>pectus</span> 
     </span>
     <span class='ocr_line' id='line_1_3' title="bbox 759 840 1409 927; baseline 0.009 -25"><span class='ocrx_word' id='word_1_10' title='bbox 759 841 894 914; x_wconf 92' lang='lat' dir='ltr'>Imbuit‚</span> <span class='ocrx_word' id='word_1_11' title='bbox 911 840 945 904; x_wconf 95' lang='lat' dir='ltr'>in</span> <span class='ocrx_word' id='word_1_12' title='bbox 962 841 1065 906; x_wconf 92' lang='lat' dir='ltr'>labris</span> <span class='ocrx_word' id='word_1_13' title='bbox 1081 842 1302 907; x_wconf 89' lang='lat' dir='ltr'>mellificastis</span> <span class='ocrx_word' id='word_1_14' title='bbox 1318 864 1409 927; x_wconf 87' lang='lat' dir='ltr'>apes.</span> 
     </span>
     <span class='ocr_line' id='line_1_4' title="bbox 716 944 1477 1029; baseline 0.003 -22"><span class='ocrx_word' id='word_1_15' title='bbox 716 944 815 1008; x_wconf 89' lang='lat' dir='ltr'><strong>Rexit</strong></span> <span class='ocrx_word' id='word_1_16' title='bbox 831 944 896 1008; x_wconf 91' lang='lat' dir='ltr'>iter</span> <span class='ocrx_word' id='word_1_17' title='bbox 911 944 1019 1029; x_wconf 92' lang='lat' dir='ltr'>pietas</span> <span class='ocrx_word' id='word_1_18' title='bbox 1036 955 1068 1009; x_wconf 91' lang='lat' dir='ltr'>et</span> <span class='ocrx_word' id='word_1_19' title='bbox 1085 945 1136 1010; x_wconf 87' lang='lat' dir='ltr'>fas</span> <span class='ocrx_word' id='word_1_20' title='bbox 1152 957 1185 1009; x_wconf 92' lang='lat' dir='ltr'>et</span> <span class='ocrx_word' id='word_1_21' title='bbox 1202 946 1345 1011; x_wconf 91' lang='lat' dir='ltr'>candida</span> <span class='ocrx_word' id='word_1_22' title='bbox 1360 946 1477 1022; x_wconf 88' lang='lat' dir='ltr'>virtus,</span> 
     </span>
     <span class='ocr_line' id='line_1_5' title="bbox 760 1049 1489 1132; baseline 0.001 -20"><span class='ocrx_word' id='word_1_23' title='bbox 760 1050 804 1113; x_wconf 89' lang='lat' dir='ltr'>Et</span> <span class='ocrx_word' id='word_1_24' title='bbox 821 1070 982 1132; x_wconf 89' lang='lat' dir='ltr'>proavum</span> <span class='ocrx_word' id='word_1_25' title='bbox 999 1050 1148 1132; x_wconf 88' lang='lat' dir='ltr'>probitas</span> <span class='ocrx_word' id='word_1_26' title='bbox 1165 1059 1197 1113; x_wconf 91' lang='lat' dir='ltr'>et</span> <span class='ocrx_word' id='word_1_27' title='bbox 1215 1049 1286 1114; x_wconf 90' lang='lat' dir='ltr'>sine</span> <span class='ocrx_word' id='word_1_28' title='bbox 1303 1051 1378 1116; x_wconf 88' lang='lat' dir='ltr'>labe</span> <span class='ocrx_word' id='word_1_29' title='bbox 1393 1051 1489 1117; x_wconf 87' lang='lat' dir='ltr'>lides.</span> 
     </span>
     <span class='ocr_line' id='line_1_6' title="bbox 715 1152 1548 1236; baseline 0.002 -21"><span class='ocrx_word' id='word_1_30' title='bbox 715 1152 833 1216; x_wconf 84' lang='lat' dir='ltr'>Victor</span> <span class='ocrx_word' id='word_1_31' title='bbox 847 1164 929 1229; x_wconf 87' lang='lat' dir='ltr'>erat,</span> <span class='ocrx_word' id='word_1_32' title='bbox 947 1152 1171 1236; x_wconf 90' lang='lat' dir='ltr'>dominusque</span> <span class='ocrx_word' id='word_1_33' title='bbox 1188 1153 1251 1230; x_wconf 92' lang='lat' dir='ltr'>sui,</span> <span class='ocrx_word' id='word_1_34' title='bbox 1269 1152 1548 1236; x_wconf 54' lang='lat' dir='ltr'>nulliusssegenus,</span> 
     </span>
     <span class='ocr_line' id='line_1_7' title="bbox 760 1259 1483 1353; baseline -0.001 -31"><span class='ocrx_word' id='word_1_35' title='bbox 760 1261 805 1323; x_wconf 86' lang='lat' dir='ltr'>Et</span> <span class='ocrx_word' id='word_1_36' title='bbox 823 1259 910 1323; x_wconf 88' lang='lat' dir='ltr'>male</span> <span class='ocrx_word' id='word_1_37' title='bbox 928 1260 1098 1342; x_wconf 89' lang='lat' dir='ltr'>quaesitas</span> <span class='ocrx_word' id='word_1_38' title='bbox 1115 1260 1239 1343; x_wconf 89' lang='lat' dir='ltr'>sprevit</span> <span class='ocrx_word' id='word_1_39' title='bbox 1256 1270 1289 1324; x_wconf 90' lang='lat' dir='ltr'>et</span> <span class='ocrx_word' id='word_1_40' title='bbox 1306 1260 1376 1325; x_wconf 92' lang='lat' dir='ltr'>odit</span> <span class='ocrx_word' id='word_1_41' title='bbox 1392 1282 1483 1353; x_wconf 83' lang='lat' dir='ltr'>ppes</span> 
     </span>
     <span class='ocr_line' id='line_1_8' title="bbox 718 1363 1669 1445; baseline 0.002 -19"><span class='ocrx_word' id='word_1_42' title='bbox 718 1364 828 1445; x_wconf 86' lang='lat' dir='ltr'>Larga</span> <span class='ocrx_word' id='word_1_43' title='bbox 845 1384 967 1426; x_wconf 91' lang='lat' dir='ltr'>manus</span> <span class='ocrx_word' id='word_1_44' title='bbox 983 1384 1116 1445; x_wconf 87' lang='lat' dir='ltr'>semper</span> <span class='ocrx_word' id='word_1_45' title='bbox 1131 1363 1203 1438; x_wconf 89' lang='lat' dir='ltr'>fuit,</span> <span class='ocrx_word' id='word_1_46' title='bbox 1219 1373 1252 1428; x_wconf 90' lang='lat' dir='ltr'>et</span> <span class='ocrx_word' id='word_1_47' title='bbox 1268 1363 1550 1445; x_wconf 69' lang='lat' dir='ltr'>domus&#39;hospita</span> <span class='ocrx_word' id='word_1_48' title='bbox 1567 1363 1669 1428; x_wconf 90' lang='lat' dir='ltr'>nullis</span> 
     </span>
     <span class='ocr_line' id='line_1_9' title="bbox 760 1467 1434 1539; baseline 0.003 -12"><span class='ocrx_word' id='word_1_49' title='bbox 760 1469 846 1529; x_wconf 68' lang='lat' dir='ltr'>Arca</span> <span class='ocrx_word' id='word_1_50' title='bbox 862 1467 935 1539; x_wconf 88' lang='lat' dir='ltr'>fuit,</span> <span class='ocrx_word' id='word_1_51' title='bbox 955 1467 1056 1529; x_wconf 89' lang='lat' dir='ltr'>nullis</span> <span class='ocrx_word' id='word_1_52' title='bbox 1073 1467 1192 1530; x_wconf 89' lang='lat' dir='ltr'>horrea</span> <span class='ocrx_word' id='word_1_53' title='bbox 1208 1467 1302 1532; x_wconf 88' lang='lat' dir='ltr'>claus</span> <span class='ocrx_word' id='word_1_54' title='bbox 1322 1467 1434 1530; x_wconf 78' lang='lat' dir='ltr'>‘seris</span> 
     </span>
     <span class='ocr_line' id='line_1_10' title="bbox 719 1570 1593 1653; baseline 0.001 -19"><span class='ocrx_word' id='word_1_55' title='bbox 719 1570 838 1634; x_wconf 89' lang='lat' dir='ltr'>Martis</span> <span class='ocrx_word' id='word_1_56' title='bbox 854 1592 939 1653; x_wconf 90' lang='lat' dir='ltr'>opus</span> <span class='ocrx_word' id='word_1_57' title='bbox 955 1571 1078 1646; x_wconf 87' lang='lat' dir='ltr'>didicit,</span> <span class='ocrx_word' id='word_1_58' title='bbox 1095 1574 1152 1635; x_wconf 90' lang='lat' dir='ltr'>sed</span> <span class='ocrx_word' id='word_1_59' title='bbox 1170 1594 1288 1653; x_wconf 85' lang='lat' dir='ltr'>pacem</span> <span class='ocrx_word' id='word_1_60' title='bbox 1328 1572 1463 1637; x_wconf 87' lang='lat' dir='ltr'>raetulit</span> <span class='ocrx_word' id='word_1_61' title='bbox 1480 1572 1593 1648; x_wconf 86' lang='lat' dir='ltr'>armis,</span> 
     </span>
     <span class='ocr_line' id='line_1_11' title="bbox 761 1675 1473 1758; baseline -0.004 -22"><span class='ocrx_word' id='word_1_62' title='bbox 761 1676 806 1737; x_wconf 86' lang='lat' dir='ltr'>Et</span> <span class='ocrx_word' id='word_1_63' title='bbox 823 1675 949 1755; x_wconf 83' lang='lat' dir='ltr'>placuit</span> <span class='ocrx_word' id='word_1_64' title='bbox 966 1675 1058 1737; x_wconf 92' lang='lat' dir='ltr'>nullo</span> <span class='ocrx_word' id='word_1_65' title='bbox 1076 1675 1239 1758; x_wconf 83' lang='lat' dir='ltr'>sanguine</span> <span class='ocrx_word' id='word_1_66' title='bbox 1256 1696 1299 1758; x_wconf 94' lang='lat' dir='ltr'>pa</span> <span class='ocrx_word' id='word_1_67' title='bbox 1334 1697 1353 1739; x_wconf 94' lang='lat' dir='ltr'>a</span> <span class='ocrx_word' id='word_1_68' title='bbox 1369 1675 1473 1758; x_wconf 81' lang='lat' dir='ltr'>quies</span> 
     </span>
     <span class='ocr_line' id='line_1_12' title="bbox 718 1778 1517 1861; baseline 0 -19"><span class='ocrx_word' id='word_1_69' title='bbox 718 1779 827 1842; x_wconf 88' lang='lat' dir='ltr'>Omne</span> <span class='ocrx_word' id='word_1_70' title='bbox 843 1778 905 1842; x_wconf 85' lang='lat' dir='ltr'>luit</span> <span class='ocrx_word' id='word_1_71' title='bbox 924 1779 1072 1843; x_wconf 83' lang='lat' dir='ltr'>studium</span> <span class='ocrx_word' id='word_1_72' title='bbox 1090 1779 1218 1861; x_wconf 90' lang='lat' dir='ltr'>patrios</span> <span class='ocrx_word' id='word_1_73' title='bbox 1234 1800 1252 1844; x_wconf 93' lang='lat' dir='ltr'>e</span> <span class='ocrx_word' id='word_1_74' title='bbox 1332 1801 1386 1844; x_wconf 89' lang='lat' dir='ltr'>ere</span> <span class='ocrx_word' id='word_1_75' title='bbox 1402 1780 1517 1855; x_wconf 86' lang='lat' dir='ltr'>fastos,</span> 
     </span>
     <span class='ocr_line' id='line_1_13' title="bbox 762 1882 1484 1968; baseline 0.003 -24"><span class='ocrx_word' id='word_1_76' title='bbox 762 1883 801 1945; x_wconf 95' lang='lat' dir='ltr'>In</span> <span class='ocrx_word' id='word_1_77' title='bbox 819 1882 939 1964; x_wconf 91' lang='lat' dir='ltr'>quibus</span> <span class='ocrx_word' id='word_1_78' title='bbox 956 1883 1111 1965; x_wconf 85' lang='lat' dir='ltr'>ingentes</span> <span class='ocrx_word' id='word_1_79' title='bbox 1128 1903 1241 1968; x_wconf 66' lang='lat' dir='ltr'>saepta</span> <span class='ocrx_word' id='word_1_80' title='bbox 1276 1885 1376 1967; x_wconf 86' lang='lat' dir='ltr'>gebat</span> <span class='ocrx_word' id='word_1_81' title='bbox 1393 1904 1484 1947; x_wconf 90' lang='lat' dir='ltr'>avos.</span> 
     </span>
     <span class='ocr_line' id='line_1_14' title="bbox 718 1968 1510 2091; baseline -0.001 -39"><span class='ocrx_word' id='word_1_82' title='bbox 718 1988 825 2069; x_wconf 88' lang='lat' dir='ltr'>Saepe</span> <span class='ocrx_word' id='word_1_83' title='bbox 843 1987 1045 2052; x_wconf 82' lang='lat' dir='ltr'>Caledonios</span> <span class='ocrx_word' id='word_1_84' title='bbox 1060 1968 1374 2091; x_wconf 69' lang='lat' dir='ltr'>cingeps‘indagine</span> <span class='ocrx_word' id='word_1_85' title='bbox 1391 1988 1510 2063; x_wconf 88' lang='lat' dir='ltr'>saltus,</span> 
     </span>
     <span class='ocr_line' id='line_1_15' title="bbox 761 2090 1486 2175; baseline 0 -21"><span class='ocrx_word' id='word_1_86' title='bbox 761 2091 941 2154; x_wconf 84' lang='lat' dir='ltr'>Gaudebat</span> <span class='ocrx_word' id='word_1_87' title='bbox 958 2090 1089 2155; x_wconf 92' lang='lat' dir='ltr'>catulos</span> <span class='ocrx_word' id='word_1_88' title='bbox 1104 2091 1252 2175; x_wconf 65' lang='lat' dir='ltr'>pertloca</span> <span class='ocrx_word' id='word_1_89' title='bbox 1269 2102 1366 2156; x_wconf 91' lang='lat' dir='ltr'>senta</span> <span class='ocrx_word' id='word_1_90' title='bbox 1382 2091 1486 2174; x_wconf 91' lang='lat' dir='ltr'>sequi.</span> 
     </span>
     <span class='ocr_line' id='line_1_16' title="bbox 720 2194 1558 2279; baseline 0.001 -21"><span class='ocrx_word' id='word_1_91' title='bbox 720 2195 750 2258; x_wconf 94' lang='lat' dir='ltr'>N</span> <span class='ocrx_word' id='word_1_92' title='bbox 755 2217 820 2259; x_wconf 94' lang='lat' dir='ltr'>unc</span> <span class='ocrx_word' id='word_1_93' title='bbox 837 2194 963 2260; x_wconf 89' lang='lat' dir='ltr'>volucri</span> <span class='ocrx_word' id='word_1_94' title='bbox 980 2194 1117 2260; x_wconf 91' lang='lat' dir='ltr'>timidas</span> <span class='ocrx_word' id='word_1_95' title='bbox 1180 2198 1257 2262; x_wconf 89' lang='lat' dir='ltr'>ebat</span> <span class='ocrx_word' id='word_1_96' title='bbox 1275 2196 1412 2279; x_wconf 89' lang='lat' dir='ltr'>cuspide</span> <span class='ocrx_word' id='word_1_97' title='bbox 1429 2198 1558 2272; x_wconf 85' lang='lat' dir='ltr'>damas,</span> 
     </span>
     <span class='ocr_line' id='line_1_17' title="bbox 763 2192 1531 2385; baseline 0 -23"><span class='ocrx_word' id='word_1_98' title='bbox 763 2299 864 2364; x_wconf 91' lang='lat' dir='ltr'>Nunc</span> <span class='ocrx_word' id='word_1_99' title='bbox 880 2299 914 2363; x_wconf 93' lang='lat' dir='ltr'>in</span> <span class='ocrx_word' id='word_1_100' title='bbox 932 2297 1112 2365; x_wconf 86' lang='lat' dir='ltr'>fulmineos</span> <span class='ocrx_word' id='word_1_101' title='bbox 1126 2192 1318 2385; x_wconf 47' lang='lat' dir='ltr'>ffmminus</span> <span class='ocrx_word' id='word_1_102' title='bbox 1334 2299 1404 2365; x_wconf 93' lang='lat' dir='ltr'>ibat</span> <span class='ocrx_word' id='word_1_103' title='bbox 1421 2320 1531 2383; x_wconf 88' lang='lat' dir='ltr'>apros.</span> 
     </span>
    </p>
   </div>
   <div class='ocr_carea' id='block_1_3' title="bbox 719 2405 1650 2903">
    <p class='ocr_par' dir='ltr' id='par_1_3' title="bbox 721 2405 1546 2593">
     <span class='ocr_line' id='line_1_18' title="bbox 721 2405 1546 2488; baseline 0.001 -21"><span class='ocrx_word' id='word_1_104' title='bbox 721 2405 800 2468; x_wconf 87' lang='lat' dir='ltr'>Mox</span> <span class='ocrx_word' id='word_1_105' title='bbox 815 2406 931 2470; x_wconf 91' lang='lat' dir='ltr'>oculos</span> <span class='ocrx_word' id='word_1_106' title='bbox 946 2405 1034 2471; x_wconf 89' lang='lat' dir='ltr'>falco</span> <span class='ocrx_word' id='word_1_107' title='bbox 1050 2407 1221 2488; x_wconf 90' lang='lat' dir='ltr'>pascebat,</span> <span class='ocrx_word' id='word_1_108' title='bbox 1239 2416 1271 2469; x_wconf 92' lang='lat' dir='ltr'>et</span> <span class='ocrx_word' id='word_1_109' title='bbox 1289 2406 1390 2468; x_wconf 90' lang='lat' dir='ltr'>ardea</span> <span class='ocrx_word' id='word_1_110' title='bbox 1405 2414 1546 2469; x_wconf 83' lang='lat' dir='ltr'>tranans</span> 
     </span>
     <span class='ocr_line' id='line_1_19' title="bbox 763 2506 1437 2593; baseline -0.004 -22"><span class='ocrx_word' id='word_1_111' title='bbox 763 2508 898 2584; x_wconf 87' lang='lat' dir='ltr'>Nubila,</span> <span class='ocrx_word' id='word_1_112' title='bbox 916 2508 1056 2593; x_wconf 87' lang='lat' dir='ltr'>remigio</span> <span class='ocrx_word' id='word_1_113' title='bbox 1072 2516 1189 2574; x_wconf 91' lang='lat' dir='ltr'>vectus</span> <span class='ocrx_word' id='word_1_114' title='bbox 1207 2518 1348 2590; x_wconf 91' lang='lat' dir='ltr'>uterque</span> <span class='ocrx_word' id='word_1_115' title='bbox 1365 2506 1437 2571; x_wconf 91' lang='lat' dir='ltr'>levi.</span> 
     </span>
    </p>

    <p class='ocr_par' dir='ltr' id='par_1_4' title="bbox 719 2609 1490 2796">
     <span class='ocr_line' id='line_1_20' title="bbox 719 2609 1490 2695; baseline 0.001 -21"><span class='ocrx_word' id='word_1_116' title='bbox 719 2610 808 2675; x_wconf 93' lang='lat' dir='ltr'>Vicit</span> <span class='ocrx_word' id='word_1_117' title='bbox 825 2633 920 2676; x_wconf 88' lang='lat' dir='ltr'>amor</span> <span class='ocrx_word' id='word_1_118' title='bbox 936 2612 1063 2694; x_wconf 89' lang='lat' dir='ltr'>pecoris</span> <span class='ocrx_word' id='word_1_119' title='bbox 1079 2612 1257 2695; x_wconf 85' lang='lat' dir='ltr'>generosi?</span> <span class='ocrx_word' id='word_1_120' title='bbox 1283 2609 1415 2675; x_wconf 93' lang='lat' dir='ltr'>doctius</span> <span class='ocrx_word' id='word_1_121' title='bbox 1432 2610 1490 2675; x_wconf 93' lang='lat' dir='ltr'>illo</span> 
     </span>
     <span class='ocr_line' id='line_1_21' title="bbox 763 2711 1428 2796; baseline -0.002 -19"><span class='ocrx_word' id='word_1_122' title='bbox 763 2714 873 2777; x_wconf 90' lang='lat' dir='ltr'>Nemo</span> <span class='ocrx_word' id='word_1_123' title='bbox 889 2713 1087 2796; x_wconf 85' lang='lat' dir='ltr'>gubernavit</span> <span class='ocrx_word' id='word_1_124' title='bbox 1104 2713 1191 2777; x_wconf 92' lang='lat' dir='ltr'>colla</span> <span class='ocrx_word' id='word_1_125' title='bbox 1207 2713 1326 2776; x_wconf 84' lang='lat' dir='ltr'>ferocis</span> <span class='ocrx_word' id='word_1_126' title='bbox 1343 2711 1428 2795; x_wconf 89' lang='lat' dir='ltr'>equi.</span> 
     </span>
    </p>

    <p class='ocr_par' dir='ltr' id='par_1_5' title="bbox 720 2816 1650 2903">
     <span class='ocr_line' id='line_1_22' title="bbox 720 2816 1650 2903; baseline 0 -20"><span class='ocrx_word' id='word_1_127' title='bbox 720 2819 821 2883; x_wconf 90' lang='lat' dir='ltr'>Nunc</span> <span class='ocrx_word' id='word_1_128' title='bbox 836 2817 949 2882; x_wconf 92' lang='lat' dir='ltr'>docuit</span> <span class='ocrx_word' id='word_1_129' title='bbox 966 2816 1150 2899; x_wconf 88' lang='lat' dir='ltr'>glomerare</span> <span class='ocrx_word' id='word_1_130' title='bbox 1166 2818 1280 2899; x_wconf 89' lang='lat' dir='ltr'>pedes,</span> <span class='ocrx_word' id='word_1_131' title='bbox 1298 2838 1387 2881; x_wconf 95' lang='lat' dir='ltr'>nunc</span> <span class='ocrx_word' id='word_1_132' title='bbox 1403 2818 1524 2882; x_wconf 90' lang='lat' dir='ltr'>ducere</span> <span class='ocrx_word' id='word_1_133' title='bbox 1539 2838 1650 2903; x_wconf 84' lang='lat' dir='ltr'>gyros,</span> 
     </span>
    </p>
   </div>
   <div class='ocr_carea' id='block_1_4' title="bbox 720 2921 1586 3427">
    <p class='ocr_par' dir='ltr' id='par_1_6' title="bbox 720 2921 1586 3427">
     <span class='ocr_line' id='line_1_23' title="bbox 763 2921 1463 2987; baseline -0.001 -2"><span class='ocrx_word' id='word_1_134' title='bbox 763 2924 863 2987; x_wconf 94' lang='lat' dir='ltr'>Nunc</span> <span class='ocrx_word' id='word_1_135' title='bbox 879 2943 979 2985; x_wconf 91' lang='lat' dir='ltr'>cursu</span> <span class='ocrx_word' id='word_1_136' title='bbox 995 2921 1119 2985; x_wconf 87' lang='lat' dir='ltr'>celeres</span> <span class='ocrx_word' id='word_1_137' title='bbox 1136 2921 1329 2986; x_wconf 90' lang='lat' dir='ltr'>antevolare</span> <span class='ocrx_word' id='word_1_138' title='bbox 1347 2921 1463 2985; x_wconf 86' lang='lat' dir='ltr'>Notos.</span> 
     </span>
     <span class='ocr_line' id='line_1_24' title="bbox 720 3025 1518 3110; baseline 0 -20"><span class='ocrx_word' id='word_1_139' title='bbox 720 3028 830 3091; x_wconf 82' lang='lat' dir='ltr'>Aurea</span> <span class='ocrx_word' id='word_1_140' title='bbox 847 3047 945 3110; x_wconf 89' lang='lat' dir='ltr'>quern</span> <span class='ocrx_word' id='word_1_141' title='bbox 962 3025 1071 3110; x_wconf 87' lang='lat' dir='ltr'>tangit</span> <span class='ocrx_word' id='word_1_142' title='bbox 1089 3025 1195 3090; x_wconf 89' lang='lat' dir='ltr'>virtus</span> <span class='ocrx_word' id='word_1_143' title='bbox 1211 3037 1244 3089; x_wconf 92' lang='lat' dir='ltr'>et</span> <span class='ocrx_word' id='word_1_144' title='bbox 1261 3025 1371 3090; x_wconf 92' lang='lat' dir='ltr'>nobile</span> <span class='ocrx_word' id='word_1_145' title='bbox 1387 3036 1518 3109; x_wconf 89' lang='lat' dir='ltr'>pectus,</span> 
     </span>
     <span class='ocr_line' id='line_1_25' title="bbox 765 3131 1525 3215; baseline -0.004 -20"><span class='ocrx_word' id='word_1_146' title='bbox 765 3133 819 3197; x_wconf 90' lang='lat' dir='ltr'>Da</span> <span class='ocrx_word' id='word_1_147' title='bbox 835 3133 1003 3208; x_wconf 75' lang='lat' dir='ltr'>lacrimae,</span> <span class='ocrx_word' id='word_1_148' title='bbox 1023 3133 1199 3197; x_wconf 92' lang='lat' dir='ltr'>Moravum</span> <span class='ocrx_word' id='word_1_149' title='bbox 1216 3133 1260 3196; x_wconf 90' lang='lat' dir='ltr'>da</span> <span class='ocrx_word' id='word_1_150' title='bbox 1276 3131 1332 3215; x_wconf 95' lang='lat' dir='ltr'>pia</span> <span class='ocrx_word' id='word_1_151' title='bbox 1349 3142 1425 3195; x_wconf 91' lang='lat' dir='ltr'>tura</span> <span class='ocrx_word' id='word_1_152' title='bbox 1441 3131 1525 3196; x_wconf 94' lang='lat' dir='ltr'>duci.</span> 
     </span>
     <span class='ocr_line' id='line_1_26' title="bbox 721 3234 1586 3321; baseline -0.005 -19"><span class='ocrx_word' id='word_1_153' title='bbox 721 3236 880 3321; x_wconf 89' lang='lat' dir='ltr'>Optimus</span> <span class='ocrx_word' id='word_1_154' title='bbox 896 3236 950 3302; x_wconf 93' lang='lat' dir='ltr'>hic</span> <span class='ocrx_word' id='word_1_155' title='bbox 967 3257 1151 3321; x_wconf 87' lang='lat' dir='ltr'>procerum,</span> <span class='ocrx_word' id='word_1_156' title='bbox 1169 3234 1295 3320; x_wconf 87' lang='lat' dir='ltr'>patriae</span> <span class='ocrx_word' id='word_1_157' title='bbox 1312 3234 1446 3299; x_wconf 90' lang='lat' dir='ltr'>virtutis</span> <span class='ocrx_word' id='word_1_158' title='bbox 1463 3234 1586 3317; x_wconf 87' lang='lat' dir='ltr'>imago,</span> 
     </span>
     <span class='ocr_line' id='line_1_27' title="bbox 765 3337 1451 3427; baseline -0.006 -21"><span class='ocrx_word' id='word_1_159' title='bbox 765 3342 810 3406; x_wconf 93' lang='lat' dir='ltr'>Et</span> <span class='ocrx_word' id='word_1_160' title='bbox 827 3341 1001 3426; x_wconf 90' lang='lat' dir='ltr'>speculum</span> <span class='ocrx_word' id='word_1_161' title='bbox 1019 3340 1148 3427; x_wconf 91' lang='lat' dir='ltr'>priscae</span> <span class='ocrx_word' id='word_1_162' title='bbox 1165 3337 1352 3405; x_wconf 90' lang='lat' dir='ltr'>nobilitatis</span> <span class='ocrx_word' id='word_1_163' title='bbox 1368 3348 1451 3404; x_wconf 88' lang='lat' dir='ltr'>erat.</span> 
     </span>
    </p>
   </div>
   <div class='ocr_carea' id='block_1_5' title="bbox 593 3676 1951 3824">
    <p class='ocr_par' dir='ltr' id='par_1_7' title="bbox 593 3676 1951 3824">
     <span class='ocr_line' id='line_1_28' title="bbox 711 3676 1951 3742; baseline 0.001 -17"><span class='ocrx_word' id='word_1_164' title='bbox 711 3691 750 3725; x_wconf 82' lang='lat' dir='ltr'>ar.</span> <span class='ocrx_word' id='word_1_165' title='bbox 770 3677 903 3739; x_wconf 79' lang='lat' dir='ltr'>cingens]</span> <span class='ocrx_word' id='word_1_166' title='bbox 949 3677 1013 3726; x_wconf 85' lang='lat' dir='ltr'>This</span> <span class='ocrx_word' id='word_1_167' title='bbox 1029 3677 1099 3726; x_wconf 90' lang='lat' dir='ltr'>word</span> <span class='ocrx_word' id='word_1_168' title='bbox 1115 3679 1244 3728; x_wconf 86' lang='lat' dir='ltr'>describes</span> <span class='ocrx_word' id='word_1_169' title='bbox 1258 3679 1303 3727; x_wconf 87' lang='lat' dir='ltr'>the</span> <span class='ocrx_word' id='word_1_170' title='bbox 1318 3678 1442 3728; x_wconf 83' lang='lat' dir='ltr'>so-called</span> <span class='ocrx_word' id='word_1_171' title='bbox 1458 3678 1566 3727; x_wconf 88' lang='lat' dir='ltr'>Tinchel</span> <span class='ocrx_word' id='word_1_172' title='bbox 1585 3677 1611 3726; x_wconf 93' lang='lat' dir='ltr'>in</span> <span class='ocrx_word' id='word_1_173' title='bbox 1630 3676 1764 3742; x_wconf 85' lang='lat' dir='ltr'>Highland</span> <span class='ocrx_word' id='word_1_174' title='bbox 1781 3676 1901 3739; x_wconf 82' lang='lat' dir='ltr'>hunting,</span> <span class='ocrx_word' id='word_1_175' title='bbox 1920 3691 1951 3726; x_wconf 83' lang='lat' dir='ltr'>as</span> 
     </span>
     <span class='ocr_line' id='line_1_29' title="bbox 593 3757 1245 3824; baseline 0 -15"><span class='ocrx_word' id='word_1_176' title='bbox 593 3761 667 3811; x_wconf 84' lang='lat' dir='ltr'>Scott</span> <span class='ocrx_word' id='word_1_177' title='bbox 678 3757 806 3809; x_wconf 84' lang='lat' dir='ltr'>describes</span> <span class='ocrx_word' id='word_1_178' title='bbox 818 3757 838 3805; x_wconf 89' lang='lat' dir='ltr'>it</span> <span class='ocrx_word' id='word_1_179' title='bbox 849 3757 875 3804; x_wconf 92' lang='lat' dir='ltr'>in</span> <span class='ocrx_word' id='word_1_180' title='bbox 887 3758 960 3824; x_wconf 81' lang='lat' dir='ltr'>Lady</span> <span class='ocrx_word' id='word_1_181' title='bbox 973 3758 1004 3823; x_wconf 78' lang='lat' dir='ltr'>of</span> <span class='ocrx_word' id='word_1_182' title='bbox 1014 3758 1091 3817; x_wconf 79' lang='lat' dir='ltr'>Lake,</span> <span class='ocrx_word' id='word_1_183' title='bbox 1104 3760 1190 3808; x_wconf 89' lang='lat' dir='ltr'>Canto</span> <span class='ocrx_word' id='word_1_184' title='bbox 1201 3760 1245 3810; x_wconf 93' lang='lat' dir='ltr'>VI.</span> 
     </span>
    </p>
   </div>
   <div class='ocr_carea' id='block_1_6' title="bbox 0 0 2080 5828">
    <p class='ocr_par' dir='ltr' id='par_1_8' title="bbox 0 0 2080 5828">
     <span class='ocr_line' id='line_1_30' title="bbox 0 0 2080 5828; baseline 0 0"><span class='ocrx_word' id='word_1_185' title='bbox 0 0 2080 5828; x_wconf 95' lang='lat' dir='ltr'> </span> 
     </span>
    </p>
   </div>
  </div>
 </body>
</html>
