4162 5842
716 578 874 627 Eucouln
900 580 1057 629 URBIUM.

333 732 450 797 Ardua
466 731 604 798 sidereis
620 733 760 800 rutilant
777 735 945 819 praetoria
960 737 1084 822 pinnis,

381 834 448 900 Hic
464 835 521 901 ubi
536 835 696 920 planities
711 837 871 921 panditur
885 840 1000 924 ampla
1015 840 1089 905 fori.

334 938 489 1022 Adspicis
505 939 560 1005 hic
576 961 750 1024 procerum
766 941 877 1009 vicina
895 944 1026 1009 Palatia
1042 943 1147 1024 caelo,

379 1044 424 1106 Et
441 1043 554 1126 populi
570 1043 680 1128 pictos
695 1047 915 1131 aureolosque
931 1048 1030 1113 lares.

333 1147 422 1232 Quid
439 1170 622 1214 memorem
639 1159 763 1228 temos‚
781 1150 846 1216 tria
863 1153 1125 1237 propugnacula,
1141 1153 1255 1233 colles,

376 1253 540 1337 Qualibus
556 1255 636 1320 urbs
653 1255 759 1340 surgit
776 1278 842 1340 qua
858 1266 960 1340 caput
976 1256 1067 1322 orbis
1082 1268 1154 1324 erat
1168 1259 1182 1323 l

334 1356 434 1422 Hanc
451 1379 582 1441 quoque
599 1357 724 1423 lanaris
741 1381 838 1424 mons
854 1370 964 1437 ornat,
981 1360 1155 1426 amoenior
1171 1361 1246 1439 illis,

376 1463 478 1527 Hunc
494 1461 692 1546 ferrugineis
708 1463 822 1545 Spada
834 1464 961 1529 colorat
977 1465 1082 1548 aquis.

332 1565 415 1630 Inde
432 1566 663 1631 suburbanum
682 1566 852 1632 lamesoni
868 1567 1012 1651 despicis
1029 1569 1174 1648 hortum,

374 1671 482 1753 Quem
500 1668 626 1734 domini
643 1668 772 1753 pictum
789 1669 941 1754 suspicor
956 1692 1029 1736 esse
1047 1693 1158 1737 manu.

329 1773 528 1837 Salmonum
545 1775 603 1838 dat
622 1774 717 1839 Deva
732 1794 861 1858 greges,
880 1775 984 1840 maris
998 1797 1145 1859 aequora
1160 1798 1275 1861 gazas,

374 1875 537 1960 Memphi,
555 1886 644 1952 tuas,
660 1886 694 1940 et
711 1898 796 1960 quas
815 1876 912 1943 India
927 1877 1032 1944 iactat
1048 1900 1137 1962 opes.

330 1979 420 2043 Pons
437 1979 704 2063 septemgemino
720 1990 911 2046 cameratus
926 1980 1052 2046 fornice
1070 1983 1201 2048 Devam

372 2086 518 2170 integit:
547 2096 720 2152 auctorem
737 2086 853 2153 iuncta
869 2088 956 2153 tiara
973 2098 1077 2154 notat.

330 2192 426 2255 Haec
442 2190 588 2256 celebret
604 2189 737 2274 vulgus,
755 2191 846 2256 solos
861 2213 923 2276 ego
939 2191 1095 2275 praedico
1111 2192 1209 2271 cives,

366 2294 431 2358 His
447 2293 571 2358 collata
588 2291 671 2358 nihil
688 2301 801 2360 cetera
817 2294 927 2359 laudis
942 2295 1076 2361 habent.

327 2397 451 2462 Martia
468 2418 564 2462 mens
579 2395 655 2461 illos
671 2399 886 2464 commendat
903 2407 935 2464 et
952 2420 1053 2464 aurea
1066 2398 1185 2477 virtus,

370 2504 484 2567 Rebus
500 2511 533 2566 et
550 2500 584 2564 in
601 2501 712 2567 dubiis
728 2524 829 2587 saepe
844 2504 986 2587 probata
1002 2503 1096 2568 fides.

327 2605 473 2688 Hospita
490 2626 574 2689 gens
590 2605 674 2671 haec
690 2616 742 2670 est
759 2616 792 2672 et
809 2606 915 2672 comis
930 2616 964 2671 et
981 2606 1115 2673 aemula
1133 2606 1270 2686 Divum,

368 2712 529 2797 Quaeque
546 2720 666 2793 regunt
682 2709 779 2789 alios,
796 2711 874 2776 huic
890 2710 1098 2777 famulantur
1112 2733 1204 2797 opes.

323 2813 360 2877 Si
376 2813 470 2878 locus
485 2823 537 2877 est
554 2813 693 2892 meritis,
711 2817 790 2880 urbs
806 2814 891 2880 haec
909 2815 1040 2899 Regina
1055 2814 1168 2881 vocari

368 2918 412 2981 Et
429 2917 584 2981 dominae
600 2917 738 2982 titulum
755 2940 887 2984 sumere
907 2919 977 2985 iure
993 2929 1116 3003 potest.

323 3019 444 3084 Cetera
461 3019 621 3084 mortales
637 3022 825 3103 producunt
840 3021 974 3105 oppida,
991 3022 1081 3087 solos

368 3124 458 3190 Urbs
474 3123 557 3189 haec
577 3124 709 3190 Heroas
726 3125 957 3209 semideosque
972 3126 1073 3209 parit.

311 3397 335 3446 7.
354 3380 506 3443 Praetoria]
539 3381 623 3432 Town
637 3382 734 3432 House

311 3465 334 3512 8.
354 3463 478 3512 Planities
490 3463 570 3525 Furi]
605 3462 662 3513 The
674 3462 823 3529 Castlegate
840 3461 862 3512 is
873 3471 971 3522 meant,
982 3461 1046 3513 with
1063 3462 1098 3514 its
1114 3462 1219 3515 ancient
1236 3469 1252 3494 ‘¹
1262 3464 1451 3529 Plainstsnes‚''
1468 3468 1546 3519 much

191 3543 271 3593 heard
282 3545 312 3596 oi
320 3545 346 3594 in
358 3545 429 3595 Book
441 3545 473 3610 os
479 3547 653 3596 Bon-Accord.

295 3643 332 3676 10.
352 3629 452 3690 Lares]
485 3629 536 3678 We
548 3629 608 3678 take
620 3636 648 3678 ιο
659 3629 691 3678 be
703 3628 748 3678 the
759 3628 820 3692 City
831 3629 915 3688 hrms
927 3626 991 3679 with
1007 3628 1051 3679 the
1069 3628 1195 3694 guardian
1208 3618 1327 3695 Leopard
1339 3631 1411 3681 Csts.
1443 3631 1468 3695 J.
1480 3632 1511 3682 B.
1524 3631 1546 3682 is

190 3718 217 3759 at
229 3710 292 3760 fault
304 3711 364 3760 here
377 3711 403 3759 in
416 3711 541 3776 speaking
552 3711 583 3762 oi
591 3716 606 3739 ¹¹
616 3711 786 3760 townsmen's
796 3711 891 3761 houses
900 3711 923 3762 ”.

293 3808 330 3841 11.
349 3793 450 3843 Ternos
473 3793 581 3855 Colles]
626 3791 782 3853 Castis-hill,
802 3793 841 3842 St.
865 3790 1028 3843 catherine’s
1050 3792 1115 3852 Hill,
1138 3791 1191 3843 and
1214 3792 1341 3844 Part-hill.
1394 3792 1480 3843 These
1501 3807 1544 3844 sre

187 3874 318 3939 supposed
330 3885 357 3924 to
368 3875 401 3924 be
412 3873 515 3924 alluded
526 3884 553 3924 ιο
564 3873 652 3938 hythe
664 3874 739 3939 triple
750 3882 830 3924 towsr
841 3873 867 3923 in
880 3873 924 3924 the
936 3874 997 3937 City
1007 3874 1093 3927 Amto-

294 3972 331 4019 13.
351 3957 462 4006 Lanaris
474 3957 574 4019 Mons]
610 3957 756 4006 Wool·man
770 3955 834 4005 Hill.

291 4054 329 4100 14.
349 4038 457 4101 spada]
490 4038 559 4087 Well
571 4038 602 4087 oi
610 4039 712 4101 Spa-a
723 4036 876 4100 chalybeste
891 4035 987 4101 spring,
1001 4036 1109 4097 whence
1112 4034 1286 4102 ferrugineus.

291 4136 329 4185 15.
349 4121 483 4185 Jamesoni
497 4121 631 4182 Hortum]
665 4121 715 4169 See
725 4118 796 4169 Book
809 4117 842 4185 of
848 4119 1015 4169 Bon-Accord
1025 4118 1077 4168 and
1090 4116 1221 4167 Bulloch's
1237 4116 1297 4184 Life
1307 4115 1339 4183 qs
1346 4115 1491 4182 Jamesone.

291 4218 330 4253 20.
348 4204 509 4264 Auctorem]
543 4201 641 4266 Bishop
654 4201 832 4265 Elphinstone.
879 4201 929 4252 His
940 4216 1018 4260 arms,
1030 4198 1199 4251 surmounted
1215 4198 1250 4262 by
1261 4198 1497 4262 mentirentur),
1512 4212 1542 4250 ss

184 4287 242 4336 well
255 4303 284 4336 as
295 4287 371 4336 those
384 4287 415 4335 os
424 4285 525 4348 Bishop
538 4283 652 4346 Dunbar,
664 4283 724 4333 who
735 4282 882 4348 completed
892 4283 1085 4348 Elphinstone's
1096 4280 1197 4346 design‚
1208 4295 1252 4331 are
1260 4279 1354 4331 known
1365 4289 1395 4330 ιο
1405 4279 1485 4330 adom
1497 4279 1542 4330 the

185 4368 274 4432 bridge
287 4368 426 4431 (Aierdeen
438 4365 513 4432 Fisty
528 4366 607 4416 Years
617 4367 684 4431 Ago,
696 4381 722 4429 p.
737 4379 776 4428 15,
790 4364 870 4432 1868).
