4140 5834
552 578 615 646 190
1106 575 1376 624 srlonnuunrn.

550 733 763 801 CXXXVII.
808 731 1048 801 TUMULUS
1076 732 1423 799 NOBILISSIMAE
1451 733 1718 811 HEROINAE,
1742 734 1911 799 ANNAE

683 856 987 934 CAMBELLAE,
1014 856 1410 923 MARCHIONISSAE
1436 857 1502 921 DE
1528 854 1775 923 HUNTLEY.

679 1029 782 1115 Erige
799 1029 991 1098 Cambellae
1007 1028 1178 1095 tumulum
1194 1030 1235 1094 de
1252 1050 1418 1095 marmore
1436 1050 1530 1114 puro,

724 1132 790 1199 Hic
807 1133 862 1199 ubi
880 1131 1039 1198 Lichtoni
1056 1131 1226 1198 Praesulis
1241 1153 1300 1198 ora
1315 1132 1419 1197 vides.

680 1238 859 1303 Incumbat
878 1235 1034 1321 Phrygiis
1051 1236 1157 1301 moles
1172 1256 1313 1319 operosa
1328 1235 1506 1317 columnis,

725 1342 770 1406 Et
789 1340 954 1406 Mausolei
971 1340 1087 1405 nubila
1103 1349 1222 1424 tangat
1238 1360 1334 1424 apex.

679 1445 719 1509 In
736 1444 846 1510 medio
862 1443 1045 1528 sculpenda
1063 1444 1137 1509 Dea
1152 1453 1215 1521 est,
1232 1464 1318 1526 quae
1334 1443 1483 1509 crinibus
1506 1464 1637 1520 aurum,

720 1549 839 1616 Sidera
854 1548 1050 1625 luminibus,
1068 1558 1203 1633 pectore
1218 1548 1332 1613 vincat
1348 1552 1440 1614 ebur.

676 1653 840 1739 Coniugis
858 1652 1024 1719 Huntlaei
1040 1652 1135 1717 iuxta
1150 1652 1300 1719 caeletur
1315 1651 1438 1737 imago,

720 1758 844 1824 Martia
858 1756 1013 1824 fulminei
1029 1778 1116 1841 quae
1132 1767 1226 1842 gerat
1242 1778 1302 1823 ora
1320 1756 1427 1823 ducis.

675 1862 828 1928 Candida
844 1862 1013 1929 nobilibus
1028 1861 1202 1926 varientur
1216 1883 1386 1928 marmora
1401 1860 1555 1946 gemmis,

718 1966 764 2030 Et
781 1966 897 2050 spoliis
914 1965 1020 2032 Rubri
1038 1965 1236 2049 Sidoniique
1252 1965 1366 2031 maris

675 2070 827 2154 Congere
843 2069 1030 2154 sapphiros,
1048 2071 1260 2148 adamantas,
1278 2069 1434 2154 iaspides,
1452 2068 1548 2154 ignes

720 2174 766 2237 Et
782 2195 867 2257 quos
883 2172 1121 2258 chrysolithus,
1139 2194 1291 2257 quosque
1309 2194 1465 2259 pyropus,
1484 2173 1598 2239 habet.

675 2277 746 2342 Nec
763 2276 853 2342 nitor
868 2276 999 2362 argenti
1016 2277 1114 2356 desit,
1131 2297 1193 2342 nec
1209 2276 1323 2342 divitis
1340 2277 1423 2355 auri,

718 2382 816 2467 Quod
833 2381 914 2467 legit
930 2382 965 2447 in
980 2381 1099 2466 patriis
1114 2403 1198 2466 gens
1215 2382 1370 2446 Peruana
1386 2381 1481 2465 iugis

673 2484 738 2547 Ars
753 2484 899 2568 pretium
915 2506 1079 2569 superans
1094 2485 1215 2549 formet
1232 2484 1304 2549 sine
1322 2484 1396 2548 labe
1412 2493 1576 2562 toreuma,

717 2585 877 2651 Phidiaca
892 2589 1032 2670 dignum
1050 2586 1294 2669 Praxitelisque
1311 2607 1426 2650 manu.

673 2687 813 2771 Optima
829 2709 915 2771 quae
932 2709 1044 2754 rerum
1056 2689 1129 2764 fuit,
1144 2698 1178 2753 et
1194 2688 1432 2773 pulcherrima,
1450 2689 1511 2755 tali

718 2790 907 2855 Promeruit
922 2790 1056 2856 tumulo
1070 2792 1122 2857 vel
1140 2792 1278 2858 meliore
1296 2793 1377 2877 tegi.

1055 3133 1083 3179 2.
1116 3132 1163 3179 ΟΝ
1186 3131 1261 3180 THE
1285 3133 1387 3180 SAMB.

619 3248 705 3329 Why
730 3249 820 3311 risest
844 3250 920 3311 thou
946 3251 977 3309 in
1005 3251 1116 3310 Parion
1145 3251 1262 3312 marble
1290 3271 1309 3311 a
1335 3253 1502 3313 wondrous
1529 3253 1627 3325 tomb,
1649 3253 1710 3312 and
1734 3251 1903 3315 wherefore

537 3346 690 3423 gleamest
700 3348 776 3408 thou
791 3349 866 3409 with
880 3350 933 3410 the
945 3352 1101 3426 perpetual
1114 3349 1193 3427 light
1205 3349 1240 3410 ol
1250 3369 1286 3410 so
1300 3370 1396 3428 many
1407 3351 1520 3428 gems?
1563 3352 1649 3429 Why
1660 3370 1710 3411 are
1724 3351 1777 3411 the
1792 3360 1902 3411 stonea

536 3447 658 3504 crusted
672 3465 745 3505 over
758 3447 834 3506 with
850 3448 942 3509 silver
956 3450 1017 3508 and
1031 3449 1107 3508 with
1125 3449 1221 3525 gold?
1244 3450 1315 3527 why
1331 3451 1451 3510 seekest
1465 3450 1540 3509 thou
1556 3470 1574 3508 a
1588 3468 1678 3526 grace
1692 3448 1770 3508 from
1785 3449 1838 3508 the
1853 3459 1902 3509 art

536 3538 572 3598 of
590 3540 739 3599 Phidias?
785 3543 877 3602 Since
891 3545 966 3603 thou
982 3547 1136 3605 enclosest
1158 3546 1189 3604 in
1212 3547 1266 3624 thy
1282 3547 1345 3605 rich
1367 3548 1470 3606 womb
1493 3546 1681 3606 Cambella's
1702 3546 1805 3616 asheS,
1821 3546 1899 3605 thou

537 3636 608 3696 hast
623 3637 691 3696 that
705 3638 813 3697 within
830 3640 896 3698 that
911 3642 985 3700 doth
1003 3646 1168 3702 commend
1182 3644 1253 3702 thee
1267 3663 1362 3703 more.

1085 3843 1115 3889 2.
1142 3842 1190 3889 DE
1215 3842 1352 3891 EODEM.

666 3960 836 4029 Marmore
854 3980 914 4023 cur
932 3959 1029 4024 Pario
1046 3961 1155 4045 surgis
1171 3963 1360 4033 venerabile
1377 3965 1526 4041 bustum,

709 4063 755 4127 Et
770 4073 821 4128 tot
837 4085 1048 4147 gemmarum
1066 4077 1201 4150 perpete
1218 4067 1292 4132 luce
1309 4067 1421 4133 nites?

664 4168 813 4253 Argento
830 4169 958 4253 lapides
975 4191 1034 4234 cur
1050 4170 1282 4236 incrustantur
1299 4183 1332 4238 et
1352 4173 1459 4238 auro?

709 4273 779 4337 Cur
794 4271 854 4337 tibi
872 4272 1034 4345 Rhidiaca
1050 4274 1183 4358 quaeris
1200 4276 1242 4340 ab
1259 4286 1330 4341 arte
1346 4277 1475 4341 decus?

664 4373 858 4440 Cambellae
874 4375 1004 4442 cineres
1019 4377 1148 4461 gremio
1164 4399 1241 4442 cum
1258 4378 1361 4445 divite
1377 4379 1524 4456 claudas,

706 4478 803 4562 Quod
819 4488 853 4544 te
869 4483 1082 4547 commendet
1099 4481 1241 4565 plenius,
1257 4481 1350 4547 intus
1366 4483 1482 4548 habes.
