4140 5834
958 604 1119 652 rmxox
1142 587 1423 663 (SUPPLBMENT).

646 762 703 828 Nil
718 762 855 838 ferulae,
872 760 920 825 nil
936 761 1052 825 dextra
1068 758 1161 824 iuvat
1177 758 1317 842 plagosa
1333 755 1497 841 magistri,

690 868 754 931 Pro
769 866 894 950 pudor!
919 864 975 930 ille
991 884 1074 929 suae
1090 862 1244 946 coniugis
1259 883 1355 927 arma
1371 862 1481 925 timet.

646 973 747 1037 Stant
763 970 890 1036 circum
906 969 1065 1045 famulae,
1081 977 1175 1033 tenet
1191 969 1284 1044 haec,
1299 966 1404 1032 trahit
1421 966 1490 1042 illa,
1507 965 1666 1049 supinum

692 1077 775 1140 Pars
791 1073 924 1158 premit,
940 1073 1081 1139 hamato
1096 1093 1175 1156 pars
1192 1081 1284 1138 secat
1302 1093 1414 1155 ungue
1430 1092 1545 1155 genas

646 1178 762 1244 Turba
777 1179 891 1243 furens
906 1199 997 1242 nunc
1014 1197 1095 1242 saxa
1111 1185 1211 1252 rotat,
1228 1197 1318 1240 nunc
1333 1175 1502 1258 fragmina
1517 1174 1604 1250 vitri,

692 1282 814 1348 Saucia
830 1303 919 1347 nunc
935 1281 1029 1346 vivas
1045 1280 1173 1365 spargit
1189 1279 1224 1344 in
1240 1301 1298 1344 ora
1314 1280 1413 1345 laces

648 1385 736 1451 'l’ota
752 1385 842 1450 volat
859 1385 985 1450 circum
1002 1385 1159 1468 scapulas
1175 1384 1401 1467 humerosque
1420 1383 1589 1467 supellex:

692 1489 781 1576 Quid
796 1488 923 1555 faciat?
970 1488 1088 1553 Victas
1104 1487 1243 1572 porrigit
1260 1487 1315 1552 ille
1332 1509 1462 1552 manus.

650 1595 720 1659 Sub
736 1593 815 1679 iuga
831 1592 879 1659 sic
896 1591 1031 1669 missus,
1049 1602 1175 1676 nuptae
1191 1591 1242 1655 vir
1257 1612 1349 1655 more
1365 1590 1509 1655 ministri

694 1697 813 1775 Servit,
828 1707 861 1762 et
878 1696 1022 1762 ancillae
1038 1695 1154 1761 munia
1170 1696 1283 1760 iussus
1299 1695 1380 1761 obit.

652 1803 751 1867 Nunc
767 1802 873 1885 agitat
891 1823 1008 1878 cunas,
1026 1800 1168 1865 nimium
1185 1822 1228 1865 ne
1243 1801 1356 1885 vagiat
1374 1800 1496 1878 infans,

696 1906 795 1970 Nunc
811 1905 913 1982 canit,
932 1917 968 1971 ut
984 1926 1121 1970 somnos
1137 1915 1294 1988 provocet
1310 1915 1383 1971 arte
1399 1906 1498 1969 leves.

653 2011 698 2074 Et
715 2030 847 2075 versare
862 2031 942 2075 veru
959 2009 1061 2074 miser
1076 2018 1109 2073 et
1126 2009 1303 2092 disponere
1319 2030 1455 2073 mensas

695 2112 847 2197 Cogitur,
864 2123 897 2177 et
913 2112 1037 2197 tepidis
1053 2113 1175 2178 addere
1190 2111 1283 2196 ligna
1299 2111 1390 2177 locis.

652 2217 811 2301 Vapulat,
829 2216 923 2282 uxori
940 2216 1074 2300 quoties
1088 2216 1141 2282 vel
1158 2215 1239 2280 trita
1256 2215 1403 2293 lacerna,

696 2321 759 2387 Vel
776 2323 881 2386 cadus
897 2331 949 2386 est
965 2342 1104 2398 vacuus,
1121 2320 1173 2385 vel
1190 2320 1262 2384 sine
1278 2320 1365 2385 farre
1381 2342 1494 2404 penus.

654 2424 718 2489 llla
734 2434 846 2489 cutem
864 2445 997 2502 curans,
1013 2425 1070 2489 dat
1087 2443 1207 2488 somno
1223 2433 1376 2507 tempora
1392 2423 1488 2500 lucis,

697 2526 815 2591 Stertit
832 2537 865 2591 et
882 2527 1040 2592 hesterno
1057 2525 1276 2608 semisepulta
1292 2546 1392 2589 mero.

656 2629 757 2692 Mane
773 2650 871 2705 n0v0,
889 2629 997 2713 pictos
1013 2628 1136 2712 promit
1153 2629 1193 2692 de
1210 2627 1330 2712 pyxide
1346 2628 1471 2704 vultus,

698 2731 743 2794 Et
761 2729 876 2793 niveas
893 2730 1017 2814 Cypria
1033 2740 1196 2813 purpurat
1213 2740 1285 2795 arte
1301 2751 1412 2813 genas.

656 2834 763 2916 Saepe
780 2853 911 2896 comam
929 2832 1075 2908 varians,
1093 2852 1182 2897 nunc
1199 2833 1297 2910 hanc,
1316 2855 1405 2898 nunc
1421 2833 1531 2899 induit
1550 2833 1663 2909 illam;

700 2937 745 3000 Et
762 2934 857 3019 nigra
874 2925 963 2999 nunc
979 2933 1094 3010 vestis,
1109 2956 1199 2999 nunc
1216 2935 1326 3019 placet
1342 2957 1450 3019 aequa
1465 2937 1542 3002 nivi.

657 3040 733 3104 Non
750 3048 799 3104 tot
817 3038 851 3103 in
868 3038 994 3122 effigies
1010 3037 1093 3103 abiit
1110 3037 1213 3104 maris
1230 3038 1340 3104 incola
1358 3041 1499 3106 Proteus

701 3143 772 3207 Nec
788 3141 874 3207 male
891 3142 1080 3207 constantis
1096 3164 1154 3207 rex
1169 3143 1338 3209 Achelous
1354 3166 1470 3228 aquae.

657 3248 728 3313 Nec
743 3247 864 3315 faciem
882 3246 983 3312 toties
999 3257 1110 3312 mutat
1126 3269 1221 3312 soror
1236 3269 1338 3314 aurea
1358 3249 1494 3326 Phoebi,

700 3351 832 3417 Certior
847 3362 880 3416 et
896 3352 1019 3437 polypo
1035 3351 1182 3416 creditur
1197 3374 1270 3417 esse
1287 3351 1384 3417 color.

656 3455 794 3519 Artibus
810 3456 864 3519 his
880 3456 970 3520 omni
987 3456 1109 3521 coniux
1125 3457 1320 3540 emungitur
1335 3478 1425 3533 auro,

702 3557 765 3619 Vix
782 3569 933 3639 superest
952 3559 1074 3624 misero
1091 3560 1295 3625 bibliotheca
1314 3561 1396 3624 seni.

660 3662 731 3724 Nec
748 3663 867 3724 modus
884 3672 934 3725 est
952 3664 1094 3740 damnis,
1113 3664 1141 3726 si
1158 3665 1211 3728 cui
1228 3664 1375 3728 formosa
1391 3665 1513 3729 marita
1528 3675 1590 3742 est,

703 3766 789 3830 Sunt
807 3786 883 3828 curn
901 3767 1068 3830 sexcentis
1084 3768 1171 3831 bella
1187 3770 1333 3850 gerenda
1350 3768 1468 3851 procis.

660 3868 706 3946 Si,
724 3890 825 3951 quam
843 3889 941 3932 nemo
958 3880 1061 3951 roget,
1079 3870 1188 3954 turpis
1204 3870 1271 3934 fors
1290 3872 1424 3936 ducitur
1446 3894 1536 3947 uxor,

703 3975 814 4058 Quam
831 3993 932 4055 grave
948 3973 1160 4055 supplicium,
1175 3974 1287 4039 taedia
1303 3985 1430 4057 quanta
1447 3974 1533 4059 parit
1549 3975 1556 4038 l

632 4289 672 4337 75.
692 4276 802 4337 Cunas.]
843 4276 940 4340 Nearly
956 4285 1153 4340 contemporary
1169 4292 1223 4325 was
1240 4278 1284 4326 the
1301 4293 1361 4328 case
1378 4280 1408 4328 ol
1429 4279 1540 4328 Richard
1558 4280 1672 4338 Hoolrer‚
1692 4280 1822 4344 “rocking
1839 4281 1883 4330 the

529 4355 637 4406 cradle”
653 4356 730 4406 while
742 4357 895 4422 composing
906 4359 950 4408 the
963 4359 1155 4408 Ecclesiastical
1169 4361 1252 4423 Polity
1265 4362 1405 4423 (Walton's
1416 4363 1512 4424 Lines).

614 4441 672 4570 (185.
694 4439 800 4502 Induit]
833 4440 890 4490 The
902 4451 955 4491 text
966 4442 1014 4491 has
1026 4447 1042 4470 ⁴⁴
1050 4442 1165 4500 indicit,”
1176 4443 1226 4492 bad
1241 4444 1266 4492 in
1284 4459 1359 4495 sense
1371 4444 1423 4494 and
1434 4454 1522 4494 metro.
1558 4452 1574 4472 “
1584 4445 1692 4494 lnduit‘’
1705 4454 1774 4494 must
1785 4445 1817 4495 be
1828 4446 1891 4495 read

530 4520 614 4571 instes
632 4559 639 4572 .
