4162 5842
802 582 991 632 erremus
1101 639 1105 646 ,
1511 586 1574 653 1²9

273 735 439 801 CXVIII.
474 736 538 801 ΑΙ)
562 738 798 802 ANDREAM
825 739 1104 817 MELVINUM,
1130 741 1195 805 DE
1220 740 1424 808 MELONE
1447 741 1512 805 AD

692 841 919 909 TILENUM
946 844 1099 910 MISSO.

343 1011 511 1078 Melonem
527 1011 602 1078 sine
617 1013 692 1079 labe
710 1012 798 1090 dedi,
816 1013 975 1092 Melvine,
991 1013 1122 1093 Tileno,

384 1114 555 1181 Primitiae
570 1115 659 1182 horti
674 1116 878 1201 deliciasque
894 1116 972 1182 mei.

339 1217 389 1284 Te
405 1240 537 1303 quoque
553 1219 719 1285 consimili
734 1220 914 1285 donassem
932 1240 1080 1299 munere,
1096 1241 1212 1287 verum

383 1324 461 1387 Non
477 1324 562 1389 bene
578 1323 783 1389 conveniunt
800 1325 883 1389 haec
900 1323 1069 1389 melimela
1088 1323 1173 1390 seni.

339 1414 507 1492 Cinnama
524 1435 602 1491 sunt
618 1427 732 1510 potius
747 1427 923 1491 stomacho
939 1428 1130 1510 quaerenda
1146 1426 1254 1507 senili,

384 1530 429 1594 Et
445 1529 549 1613 piper,
566 1539 600 1595 et
615 1530 728 1596 vetulo
743 1541 900 1617 prompta
917 1530 1063 1596 Falerna
1078 1533 1174 1598 cado.

340 1633 402 1699 Vel
418 1656 503 1719 quas
519 1635 694 1719 Euganeis
709 1635 814 1701 mittit
830 1638 871 1701 de
890 1634 1034 1702 collibus
1052 1657 1136 1703 uvas

383 1738 535 1817 Villicus,
553 1748 587 1804 et
603 1760 689 1823 quae
704 1740 746 1806 de
762 1739 927 1805 matribus
940 1754 1005 1805 ova
1024 1738 1147 1806 calent.

338 1842 384 1905 Et
400 1841 507 1925 lepus,
524 1851 557 1907 et
573 1843 717 1927 perdrix,
734 1853 767 1908 et
782 1844 932 1908 nondum
948 1841 1100 1926 gramine
1119 1853 1238 1927 pastus

382 1945 570 2023 Hoedulus,
587 1955 620 2011 et
637 1968 723 2031 quae
739 1949 780 2012 de
798 1946 944 2011 Phaside
959 1947 1051 2012 venit
1067 1947 1151 2013 avis.

338 2050 434 2114 Haec
450 2049 511 2115 tibi
527 2049 644 2115 donari
660 2051 827 2116 debebant
844 2072 1004 2128 munera;
1029 2051 1169 2117 brumae

381 2152 520 2236 Frigora
536 2154 593 2238 qui
608 2153 723 2232 vincit,
740 2154 829 2220 melo
845 2153 958 2221 cicuta
972 2153 1068 2223 ioret.

306 2400 345 2435 ro.
364 2385 496 2448 Phaside]
530 2387 588 2436 The
599 2387 655 2436 bird
666 2387 731 2438 from
748 2387 839 2438 Phasis
851 2388 873 2438 is
884 2389 929 2439 the
941 2388 1076 2453 pheasant.

757 2748 786 2794 2.
817 2747 1013 2795 MELVILLE.

288 2898 358 2958 The
373 2919 459 2959 same
474 2898 548 2975 gifts
568 2920 630 2978 you
650 2901 752 2960 would
770 2902 850 2961 have
870 2901 973 2977 given,
988 2920 1050 2979 you
1073 2920 1138 2979 say,
1155 2910 1187 2960 to
1209 2899 1348 2960 Melville
1362 2917 1398 2959 ss
1411 2907 1444 2958 to
1458 2897 1561 2970 Tilen,

204 2998 256 3058 the
272 2997 511 3073 prime-product
526 2996 561 3056 of
576 3017 654 3075 your
674 3000 798 3074 garden.
844 3001 906 3059 But
929 3000 981 3059 the
1003 3000 1071 3059 cold
1087 2999 1178 3059 blood
1200 3008 1232 3057 at
1254 3018 1306 3076 my
1321 2998 1408 3057 beart
1426 2995 1560 3067 forbade,

203 3096 264 3154 and
280 3113 315 3154 so
328 3113 406 3172 your
419 3093 494 3171 gifts
510 3115 560 3156 are
575 3116 616 3156 no
633 3096 708 3173 gifts
723 3107 755 3157 to
770 3117 830 3158 me.
875 3098 996 3157 Liberal
1012 3096 1048 3157 of
1063 3116 1141 3174 your
1161 3115 1280 3166 means,
1297 3093 1419 3171 profuse
1433 3092 1470 3153 ot
1484 3112 1562 3171 your

204 3203 260 3265 art,
275 3212 336 3271 you
352 3193 504 3269 prescribe
519 3212 537 3252 a
552 3212 637 3272 sorry
653 3194 784 3255 mixture
799 3193 845 3257 for
858 3193 960 3266 Tilen,
976 3195 1038 3253 and
1053 3192 1153 3253 refuse
1167 3211 1217 3252 me
1232 3211 1251 3251 a
1264 3190 1345 3267 good
1360 3208 1430 3251 one.

754 3469 784 3515 2.
811 3465 1008 3513 MELVINUS.

331 3621 428 3706 Quae
443 3619 575 3698 Tileno,
593 3622 710 3686 eadem
728 3619 877 3686 Melvino
893 3620 981 3685 dona
999 3617 1160 3696 dedisses,

376 3723 547 3788 Primitias
562 3723 651 3789 horti
667 3723 871 3808 deliciasque
891 3721 952 3788 tui.

331 3826 472 3892 Obstitit
488 3835 523 3891 at
540 3827 671 3910 gelidus
686 3827 811 3893 circum
829 3825 1024 3910 praecordia
1040 3824 1189 3908 sanguis,

375 3930 509 3995 Scilicet
527 3939 563 3994 ut
581 3931 663 3995 mihi
679 3930 747 3995 sint
764 3927 852 4016 δῶρα
867 3951 909 3995 ne
925 3927 1038 4015 ἄδωρα
1051 3939 1123 3994 tua.
1233 3949 1239 3956 ·

332 4036 464 4117 Largus
479 4056 594 4118 opum,
613 4037 783 4112 Ionstone,
801 4045 879 4100 tuae
896 4057 1028 4118 quoque
1043 4034 1203 4119 prodigus
1222 4032 1315 4110 artis,

372 4138 493 4204 Tileno
509 4140 630 4205 misces
645 4138 763 4224 λυγρὰ,
780 4140 862 4205 mihi
879 4136 986 4205 ἐσθλὰ
1001 4159 1116 4222 negas.

304 4381 341 4429 16.
359 4384 421 4445 δῶρα
432 4381 529 4447 ἄδωρα]
564 4380 815 4447 Soph·‚Ajax,665.
1278 4438 1284 4450 ⁸
1337 4437 1343 4448 .

199 4511 244 4564 W·
256 4447 342 4574 ²3⁰3&
360 4448 459 4510 lum]
492 4446 609 4495 nnusnn
626 4455 656 4496 to
672 4447 782 4496 medical
799 4445 992 4510 prescriptione,
1006 4441 1145 4507 suggested
1161 4441 1196 4503 sy
1207 4439 1251 4489 ne
1267 4437 1319 4487 nne
1336 4452 1362 4486 m
1378 4437 1485 4499 nomer,
1497 4437 1558 4497 oa,

869 4596 891 4641 R
