4162 5842
1056 583 1325 631 optumum.

1060 760 1092 824 9.
1117 757 1327 805 uuuuruus.

647 898 737 976 Istis,
752 919 837 982 quae
853 916 1020 970 numeras.
1035 895 1152 972 iateor,
1172 897 1266 961 Deus
1282 894 1387 976 aliger
1402 894 1506 961 armis

690 1001 835 1077 Militat;
859 1009 913 1066 ast
928 998 1016 1066 oculi
1033 1009 1112 1065 sunt
1129 998 1164 1064 in
1180 1020 1295 1065 amore
1313 1000 1427 1065 duces.

1052 1261 1102 1306 10.
1128 1257 1341 1306 muscosus,

650 1399 783 1465 Primus
798 1399 906 1466 honos
921 1398 1027 1465 oculis
1043 1397 1165 1463 merito
1179 1399 1330 1475 debetur,
1347 1409 1381 1464 at
1398 1397 1465 1463 ista

689 1505 793 1569 Arma
808 1502 947 1588 puellari
964 1510 1042 1567 sunt
1059 1500 1169 1586 magis
1181 1509 1261 1584 apta
1277 1500 1383 1585 gregi,

1065 1761 1112 1806 11.
1138 1758 1344 1807 DUMBARUS.

652 1896 830 1963 Femineos
846 1917 925 1980 ergo
940 1917 1000 1962 cur
1014 1916 1082 1961 non
1100 1896 1173 1961 Dea
1190 1895 1335 1980 sumpsit
1352 1896 1487 1974 ocellos,

695 2002 785 2086 Apta
799 2000 940 2086 puellari
958 1999 985 2065 si
1003 1999 1087 2085 petit
1103 2021 1198 2065 arma
1214 1999 1342 2066 choro?

1057 2261 1105 2306 12.
1133 2258 1343 2308 lONSTONUS.

654 2396 785 2463 Obtulit
801 2397 922 2463 infanti
939 2419 1001 2463 sua
1018 2396 1146 2462 lumina
1162 2410 1271 2462 mater
1286 2397 1462 2473 Amorum,

697 2501 764 2566 Sed
780 2501 898 2585 puduit
915 2512 1046 2568 castam
1063 2500 1193 2566 lumina
1208 2500 1294 2565 ierre
1310 2499 1422 2585 lupae.

1062 2758 1110 2821 13.
1134 2756 1341 2819 uuusauus.

657 2894 727 2960 Cur
741 2891 857 2958 oculos
873 2891 920 2956 illi
936 2893 1110 2976 praeberet
1127 2892 1252 2978 Cypria
1268 2901 1385 2969 mater,

700 2998 752 3060 An
769 3006 828 3061 tua
844 3005 945 3081 capta
960 2996 1077 3074 oculis,
1092 3018 1136 3063 an
1153 2997 1228 3062 Dea
1246 2996 1340 3062 lusca
1358 2996 1447 3061 fuit?

1065 3257 1117 3320 14.
1141 3252 1354 3303 IONSTONUS·

659 3392 731 3455 Nec
746 3391 809 3456 fuit
824 3393 906 3458 orba
921 3392 1039 3470 oculis,
1057 3414 1118 3458 nec
1134 3392 1238 3469 lusca,
1254 3393 1313 3458 sed
1329 3413 1425 3458 urere
1440 3392 1588 3458 flammis

703 3496 835 3560 Cuncta
852 3495 987 3573 timens,
1004 3496 1120 3561 oculos
1136 3495 1260 3562 occulit
1277 3495 1334 3561 illa
1350 3518 1440 3561 suos.

1065 3753 1116 3818 15.
1140 3753 1349 3802 uuusrruus,

661 3885 697 3951 Si
714 3885 827 3951 clades
843 3884 1019 3951 hominum
1036 3897 1191 3953 metuens
1206 3887 1381 3954 abscondit
1403 3888 1539 3968 ocellos,

705 3990 775 4056 Cur
790 4011 857 4055 non
873 3990 1050 4056 abscondit
1065 3990 1161 4069 colla,
1176 3990 1311 4070 labella,
1327 3993 1457 4076 genas?

1068 4225 1118 4289 16.
1143 4240 1354 4290 rousrouus

664 4378 740 4444 Hoc
756 4400 888 4463 quoque
904 4378 1049 4459 fecisset,
1067 4381 1125 4446 sed
1141 4381 1287 4466 prudens
1302 4380 1396 4465 virgo
1412 4380 1562 4459 timebat,

707 4484 884 4549 Desereret
900 4494 1007 4551 terras
1022 4507 1064 4551 ne
1079 4484 1241 4570 fugitivus
1256 4486 1370 4550 Amor.
