4162 5842
1050 560 1210 608 ENCOMIA
1233 557 1388 607 URBIUM.

598 1346 755 1418 CLXVI.
802 1345 1159 1415 CELEBRIORUM
1183 1342 1399 1429 ALIQUOT
1423 1342 1627 1411 SCOTIAE
1652 1339 1847 1410 URBIUM

1106 1465 1339 1533 ENCOMIA.

1066 1692 1096 1739 1.
1124 1689 1382 1739 EDINBURGUM.

676 1832 876 1900 Comminus
892 1841 930 1898 ut
946 1839 1076 1918 spectet
1093 1851 1233 1916 superos
1248 1829 1410 1914 caeloque
1425 1828 1565 1906 fruatur,

720 1935 848 2002 Montis
864 1934 898 2000 in
915 1934 1032 2001 acclivi
1048 1933 1155 2018 surgit
1173 1933 1285 2000 Edina
1300 1933 1391 2018 iugo.

676 2038 925 2105 Ancillatricem
943 2040 1098 2106 Cererem
1116 2037 1361 2124 Nymphasque
1377 2037 1562 2113 ministras,

720 2143 767 2207 Et
782 2140 982 2226 vectigalem
999 2140 1141 2226 despicit
1159 2141 1236 2207 inde
1250 2139 1388 2207 Thetin.

678 2247 746 2315 Hic
762 2247 818 2313 ubi
834 2247 1007 2313 nascentis
1023 2269 1060 2313 se
1076 2249 1228 2330 pandunt
1245 2246 1375 2313 lumina
1393 2244 1530 2324 Phoebi,

720 2352 807 2419 Sede
823 2353 886 2418 sub
902 2351 1016 2418 Arturi
1032 2351 1125 2436 regia
1140 2360 1231 2417 tecta
1246 2350 1351 2429 vides,

678 2456 767 2523 Solis
781 2459 824 2523 ad
840 2478 998 2524 occasum
1015 2478 1165 2542 surgens,
1181 2478 1240 2523 arx
1256 2456 1410 2522 imminet
1426 2454 1522 2522 urbi:

721 2560 818 2625 Haec
834 2559 936 2627 habet
951 2559 1067 2626 Arctoi
1083 2559 1152 2626 tela
1167 2560 1342 2626 tremenda
1358 2557 1457 2624 Iovis

677 2660 834 2746 Adspicis
849 2661 883 2726 in
900 2663 1011 2728 medio
1026 2661 1204 2746 templum,
1221 2663 1323 2728 decus
1339 2660 1431 2727 urbis
1447 2671 1480 2727 et
1495 2661 1597 2740 orbis,

723 2765 800 2830 Hac
816 2762 926 2848 pietas
941 2763 1097 2830 stabilem
1114 2763 1186 2829 lixit
1202 2763 1236 2829 in
1253 2765 1335 2830 aede
1351 2763 1468 2829 larem.

679 2869 812 2934 Cuncta
828 2867 938 2933 nitent
955 2867 1047 2932 intus
1061 2890 1069 2945 ;
1094 2866 1217 2952 regalis
1233 2888 1324 2933 more
1340 2887 1484 2933 coronae

724 2971 861 3038 Plexilis
876 2982 995 3038 aurato
1011 2993 1177 3038 marmore
1194 2972 1284 3038 lucet
1300 2994 1396 3058 apex.

679 3074 830 3158 Virginis
846 3077 1007 3141 Astraeae
1023 3077 1144 3140 domus
1160 3085 1212 3141 est
1228 3075 1438 3142 contermina
1455 3077 1594 3160 templo,

725 3179 838 3264 Digna
856 3179 1018 3266 Polycleti
1037 3180 1281 3265 Praxitelisque
1297 3202 1410 3247 manu.

679 3282 787 3350 'l’ecta
802 3285 916 3351 colunt
933 3284 1024 3351 cives
1039 3285 1121 3350 solis
1136 3285 1296 3353 heroibus
1310 3296 1400 3371 apta,

725 3389 861 3454 Nullius
876 3389 934 3455 illa
951 3389 1071 3464 minas,
1089 3390 1214 3454 nullius
1230 3412 1325 3456 arma
1340 3390 1473 3455 timent.

681 3490 804 3554 Albula
823 3491 1033 3568 Romuleam,
1049 3495 1215 3557 Venetam
1233 3515 1325 3558 mare
1341 3493 1472 3559 territat
1489 3495 1615 3573 urbem,

726 3594 820 3676 Quas
836 3594 932 3675 regit,
950 3597 1113 3659 undarum
1132 3596 1217 3661 ridet
1235 3596 1346 3661 Edina
1362 3597 1483 3662 minas.

683 3695 789 3759 Crede
806 3693 900 3771 mihi,
918 3717 1084 3779 nusquam
1101 3699 1153 3762 vel
1170 3699 1311 3784 sceptris
1327 3699 1438 3784 aptior
1452 3703 1533 3766 urbs
1549 3711 1610 3780 est,

726 3797 788 3860 Vel
805 3818 915 3861 rerum
933 3800 1069 3864 domina
1085 3801 1217 3885 dignior
1231 3805 1312 3868 urbe
1328 3803 1432 3868 locus.
