4162 5842
804 589 993 640 lemannus.

761 765 810 832 17.
834 764 1040 813 ouusxnus

349 900 406 966 Nil
423 900 542 978 reiert;
566 899 716 966 discedat
733 902 847 978 Amor,
864 909 1038 984 terrasque
1054 899 1242 984 relinquat;

392 1006 490 1090 Quod
508 1006 603 1070 Deus
618 1004 673 1071 hic
688 1004 760 1071 orbi
776 1003 954 1089 praestitit,
969 1005 1028 1071 illa
1042 1005 1147 1072 dabit.

754 1246 805 1311 18.
832 1261 1044 1311 rousrouus.

349 1398 427 1463 Non
444 1398 528 1464 bene
544 1397 700 1465 militiam
717 1398 859 1466 Veneris
875 1399 1086 1466 commiseris
1104 1399 1174 1479 uni,

394 1503 466 1567 Nec
481 1522 591 1568 serere
607 1501 696 1569 hanc
711 1523 859 1587 pugnarn
876 1502 1003 1569 femina
1019 1504 1091 1569 sola
1107 1513 1230 1588 potest.

754 1764 806 1830 19.
830 1763 1039 1812 nuusxnus.

349 1901 416 1966 Sed
432 1900 487 1965 cui
506 1900 593 1966 Diva
609 1901 724 1966 oculos
739 1910 773 1966 et
789 1900 928 1967 luminis
944 1904 1082 1969 abstulit
1098 1926 1209 1982 usum,

393 2004 536 2070 Militiae
553 2005 641 2070 hanc
657 2005 785 2070 sociam
801 2004 886 2070 ferre
902 2016 1033 2072 recuset
1050 2009 1163 2073 Amor.

751 2263 805 2310 20.
829 2261 1039 2311 IONSTONUS.

351 2402 402 2465 Ne
418 2422 480 2466 sua
496 2399 650 2465 fortassis
666 2399 805 2466 sentiret
818 2402 945 2467 damna
961 2401 1103 2487 Cupido,

392 2504 460 2569 Cor
474 2524 578 2588 puero
593 2512 626 2568 et
643 2504 744 2568 sociis
760 2504 901 2570 abstulit
917 2504 976 2571 illa
993 2505 1087 2571 Deis.

753 2763 806 2809 21.
831 2762 1041 2811 DUMBARUS.

350 2897 585 2963 Abrenethaea
601 2897 686 2975 vale,
705 2906 819 2962 metuo
835 2919 877 2962 ne
892 2898 1039 2964 exercita
1054 2898 1154 2964 furtis

271 3022 276 3030 ·
396 3002 450 3064 Me
467 3000 549 3065 mihi
566 3011 614 3077 tu,
634 3000 743 3065 Musis
759 3001 988 3086 surripiasque
1005 3001 1100 3067 meis.

750 3263 803 3309 22.
829 3260 1040 3309 10NSTONUS.

352 3402 429 3465 Iure
446 3410 545 3484 poeta
562 3400 670 3464 times.
716 3399 779 3466 Cui
796 3420 862 3463 non
880 3399 1062 3462 metuenda
1077 3404 1239 3480 potestas,

394 3506 489 3589 Quae
506 3504 585 3570 facit
602 3505 771 3582 excordes,
789 3503 1009 3587 exoculatque
1027 3503 1143 3568 Deos?

754 3764 807 3827 ²3·
832 3762 1040 3811 ouusxnus.

353 3905 413 3968 Sat
430 3924 575 3987 pugnae,
596 3903 767 3980 Ionstone‚
785 3902 901 3968 datum
918 3912 981 3968 est.
1028 3904 1068 3967 In
1083 3901 1217 3968 foedera
1231 3903 1367 3968 dextras

397 4008 470 4071 Iam
488 4005 602 4082 societ,
621 4027 754 4089 pugnae
770 4027 856 4089 quae
875 4007 949 4071 Dea
964 4027 1086 4071 caussa
1100 4005 1174 4070 fuit.

755 4247 807 4311 24.
832 4245 1041 4294 roxsroxus.

354 4389 408 4450 En
424 4388 589 4461 dextram,
608 4395 640 4450 et
657 4384 685 4449 si
702 4385 781 4468 quid
797 4383 988 4469 praedatrix
1002 4383 1096 4467 virgo
1111 4382 1245 4466 reliquit

400 4489 573 4562 ionstono,
591 4487 654 4553 hoc
670 4497 789 4563 totum,
807 4487 989 4561 Dumbare,
1004 4486 1113 4551 cordis
1129 4485 1226 4551 habe.
