4162 5842
924 589 1112 638 EPIGRAMS.

887 765 915 810 1.
942 763 1148 812 DUMBARUS.

468 903 534 968 Sed
551 923 673 966 caecus
689 923 765 967 cum
782 900 825 967 sit
843 899 984 967 Veneris
1000 898 1084 987 puer
1099 901 1163 967 iste
1180 900 1323 985 Cupido,

511 1005 577 1083 Illi,
594 1006 657 1083 dic,
673 1006 790 1072 oculos
805 1008 974 1090 quomodo
989 1005 1176 1091 surripias?

877 1264 909 1310 2.
938 1261 1149 1311 loNsTost.

466 1401 529 1465 Est
545 1420 628 1485 puer
643 1398 697 1464 hic
714 1420 856 1465 caecus:
880 1420 996 1464 verum
1013 1399 1103 1462 hunc
1119 1397 1288 1464 infantula
1303 1419 1454 1475 caecum,

509 1501 679 1587 Surreptis
694 1501 810 1578 oculis,
826 1501 1062 1568 Abrenethaea
1077 1500 1180 1568 dedit.

879 1765 910 1828 3.
935 1760 1144 1810 nonninus.

464 1898 697 1964 Abrenethaea
713 1896 804 1963 dedit
820 1895 985 1962 caecum?
1009 1916 1086 1962 cum
1103 1893 1230 1961 lumine
1245 1916 1365 1961 cassus

508 2000 559 2066 Sit
576 2010 688 2078 natus,
706 2021 844 2065 caecum
861 2020 928 2083 qua
944 1997 1074 2064 ratione
1090 1997 1208 2064 dedit?

874 2267 904 2330 4.
934 2261 1145 2311 mummius,

462 2405 560 2489 Quod
576 2403 636 2470 tibi
654 2402 779 2468 finxisti
796 2412 915 2469 natum
933 2401 1006 2468 sine
1021 2401 1149 2468 lumine
1166 2402 1302 2467 Numen

505 2508 655 2587 Censori,
673 2507 767 2574 nullo
782 2507 933 2585 crimine,
950 2505 1043 2592 talpa
1058 2515 1182 2591 potest.

875 2768 906 2835 5.
931 2768 1140 2817 nonninus

460 2906 513 2973 Tu
531 2931 627 2992 mage
644 2908 822 2975 ridiculum
841 2910 976 2975 Numen
992 2908 1053 2987 tibi
1070 2908 1196 2992 fingere
1214 2915 1338 2983 tentas,

504 3013 567 3078 Cui
584 3023 663 3078 sunt
680 3013 812 3080 mortali
830 3012 958 3079 lumina
974 3014 1133 3097 adempta
1150 3032 1264 3076 manu.

871 3254 902 3318 6.
930 3268 1142 3318 musiosus.

461 3405 615 3471 Mortalis
631 3426 697 3471 non
714 3416 777 3482 est,
794 3404 902 3470 oculis
917 3425 1003 3489 quae
1019 3400 1149 3468 orbavit
1166 3401 1334 3473 Amorem,

503 3513 568 3577 Sed
586 3512 671 3589 Dea,
690 3521 770 3576 nata
788 3509 882 3585 Deis,
899 3518 932 3574 et
949 3506 1100 3592 paritura
1117 3507 1216 3604 Deos

872 3767 903 3834 7.
929 3765 1137 3815 nonninus.

458 3907 522 3973 Illa
540 3909 613 3973 Dea
630 3916 693 3984 est,
710 3916 768 3972 aut
784 3915 865 3972 nata
882 3904 976 3983 Deis
992 3902 1184 3989 pariturave
1201 3900 1317 3978 Divos,

502 4012 705 4078 Luminibus
720 4010 805 4077 dicis
821 4031 922 4095 quam
939 4008 1084 4094 spoliare
1101 4008 1217 4073 Deos?

866 4245 898 4309 8.
926 4259 1139 4308 massonus.

458 4400 659 4466 Luminibus
677 4401 772 4464 Deus
789 4397 852 4463 iste
868 4396 940 4463 suis
955 4416 1022 4462 non
1038 4392 1186 4479 indiget;
1212 4390 1259 4456 illi

501 4504 678 4570 Sufficiunt
696 4488 820 4579 casses,
836 4499 981 4578 vincula,
998 4499 1077 4576 tela,
1094 4497 1194 4563 faces.

997 4605 1015 4652 s
